
@article{abbottGravitationalwaveStandardSiren2017,
  title = {A Gravitational-Wave Standard Siren Measurement of the {{Hubble}} Constant},
  author = {Abbott, B. P. and Abbott, R. and Abbott, T. D. and Acernese, F. and Ackley, K. and Adams, C. and Adams, T. and Addesso, P. and Adhikari, R. X. and Adya, V. B. and Affeldt, C. and Afrough, M. and Agarwal, B. and Agathos, M. and Agatsuma, K. and Aggarwal, N. and Aguiar, O. D. and Aiello, L. and Ain, A. and Ajith, P. and Allen, B. and Allen, G. and Allocca, A. and Altin, P. A. and Amato, A. and Ananyeva, A. and Anderson, S. B. and Anderson, W. G. and Angelova, S. V. and Antier, S. and Appert, S. and Arai, K. and Araya, M. C. and Areeda, J. S. and Arnaud, N. and Arun, K. G. and Ascenzi, S. and Ashton, G. and Ast, M. and Aston, S. M. and Astone, P. and Atallah, D. V. and Aufmuth, P. and Aulbert, C. and AultONeal, K. and Austin, C. and Avila-Alvarez, A. and Babak, S. and Bacon, P. and Bader, M. K. M. and Bae, S. and Baker, P. T. and Baldaccini, F. and Ballardin, G. and Ballmer, S. W. and Banagiri, S. and Barayoga, J. C. and Barclay, S. E. and Barish, B. C. and Barker, D. and Barkett, K. and Barone, F. and Barr, B. and Barsotti, L. and Barsuglia, M. and Barta, D. and Bartlett, J. and Bartos, I. and Bassiri, R. and Basti, A. and Batch, J. C. and Bawaj, M. and Bayley, J. C. and Bazzan, M. and Bécsy, B. and Beer, C. and Bejger, M. and Belahcene, I. and Bell, A. S. and Berger, B. K. and Bergmann, G. and Bero, J. J. and Berry, C. P. L. and Bersanetti, D. and Bertolini, A. and Betzwieser, J. and Bhagwat, S. and Bhandare, R. and Bilenko, I. A. and Billingsley, G. and Billman, C. R. and Birch, J. and Birney, R. and Birnholtz, O. and Biscans, S. and Biscoveanu, S. and Bisht, A. and Bitossi, M. and Biwer, C. and Bizouard, M. A. and Blackburn, J. K. and Blackman, J. and Blair, C. D. and Blair, D. G. and Blair, R. M. and Bloemen, S. and Bock, O. and Bode, N. and Boer, M. and Bogaert, G. and Bohe, A. and Bondu, F. and Bonilla, E. and Bonnand, R. and Boom, B. A. and Bork, R. and Boschi, V. and Bose, S. and Bossie, K. and Bouffanais, Y. and Bozzi, A. and Bradaschia, C. and Brady, P. R. and Branchesi, M. and Brau, J. E. and Briant, T. and Brillet, A. and Brinkmann, M. and Brisson, V. and Brockill, P. and Broida, J. E. and Brooks, A. F. and Brown, D. A. and Brown, D. D. and Brunett, S. and Buchanan, C. C. and Buikema, A. and Bulik, T. and Bulten, H. J. and Buonanno, A. and Buskulic, D. and Buy, C. and Byer, R. L. and Cabero, M. and Cadonati, L. and Cagnoli, G. and Cahillane, C. and Bustillo, J. Calderón and Callister, T. A. and Calloni, E. and Camp, J. B. and Canepa, M. and Canizares, P. and Cannon, K. C. and Cao, H. and Cao, J. and Capano, C. D. and Capocasa, E. and Carbognani, F. and Caride, S. and Carney, M. F. and Diaz, J. Casanueva and Casentini, C. and Caudill, S. and Cavaglià, M. and Cavalier, F. and Cavalieri, R. and Cella, G. and Cepeda, C. B. and Cerdá-Durán, P. and Cerretani, G. and Cesarini, E. and Chamberlin, S. J. and Chan, M. and Chao, S. and Charlton, P. and Chase, E. and Chassande-Mottin, E. and Chatterjee, D. and Chatziioannou, K. and Cheeseboro, B. D. and Chen, H. Y. and Chen, X. and Chen, Y. and Cheng, H.-P. and Chia, H. and Chincarini, A. and Chiummo, A. and Chmiel, T. and Cho, H. S. and Cho, M. and Chow, J. H. and Christensen, N. and Chu, Q. and Chua, A. J. K. and Chua, S. and Chung, A. K. W. and Chung, S. and Ciani, G. and Ciolfi, R. and Cirelli, C. E. and Cirone, A. and Clara, F. and Clark, J. A. and Clearwater, P. and Cleva, F. and Cocchieri, C. and Coccia, E. and Cohadon, P.-F. and Cohen, D. and Colla, A. and Collette, C. G. and Cominsky, L. R. and Constancio, M. and Conti, L. and Cooper, S. J. and Corban, P. and Corbitt, T. R. and Cordero-Carrión, I. and Corley, K. R. and Cornish, N. and Corsi, A. and Cortese, S. and Costa, C. A. and Coughlin, M. W. and Coughlin, S. B. and Coulon, J.-P. and Countryman, S. T. and Couvares, P. and Covas, P. B. and Cowan, E. E. and Coward, D. M. and Cowart, M. J. and Coyne, D. C. and Coyne, R. and Creighton, J. D. E. and Creighton, T. D. and Cripe, J. and Crowder, S. G. and Cullen, T. J. and Cumming, A. and Cunningham, L. and Cuoco, E. and Dal Canton, T. and Dálya, G. and Danilishin, S. L. and D’Antonio, S. and Danzmann, K. and Dasgupta, A. and Da Silva Costa, C. F. and Datrier, L. E. H. and Dattilo, V. and Dave, I. and Davier, M. and Davis, D. and Daw, E. J. and Day, B. and De, S. and DeBra, D. and Degallaix, J. and De Laurentis, M. and Deléglise, S. and Del Pozzo, W. and Demos, N. and Denker, T. and Dent, T. and De Pietri, R. and Dergachev, V. and De Rosa, R. and DeRosa, R. T. and De Rossi, C. and DeSalvo, R. and de Varona, O. and Devenson, J. and Dhurandhar, S. and Díaz, M. C. and Di Fiore, L. and Di Giovanni, M. and Di Girolamo, T. and Di Lieto, A. and Di Pace, S. and Di Palma, I. and Di Renzo, F. and Doctor, Z. and Dolique, V. and Donovan, F. and Dooley, K. L. and Doravari, S. and Dorrington, I. and Douglas, R. and Dovale álvarez, M. and Downes, T. P. and Drago, M. and Dreissigacker, C. and Driggers, J. C. and Du, Z. and Ducrot, M. and Dupej, P. and Dwyer, S. E. and {The LIGO Scientific Collaboration and The Virgo Collaboration}},
  date = {2017-11},
  journaltitle = {Nature},
  volume = {551},
  pages = {85--88},
  publisher = {{Nature Publishing Group}},
  issn = {1476-4687},
  doi = {10.1038/nature24471},
  url = {https://www.nature.com/articles/nature24471},
  urldate = {2020-04-30},
  abstract = {The astronomical event GW170817, detected in gravitational and electromagnetic waves, is used to determine the expansion rate of the Universe, which is consistent with and independent of existing measurements.},
  file = {/home/jacopo/zotero/storage/74IPEVPY/Abbott et al. - 2017 - A gravitational-wave standard siren measurement of.pdf;/home/jacopo/zotero/storage/9Q9BAQH2/nature24471.html},
  issue = {7678},
  langid = {english},
  number = {7678},
  options = {useprefix=true}
}

@article{abbottGW170814ThreeDetectorObservation2017,
  title = {{{GW170814}}: {{A Three}}-{{Detector Observation}} of {{Gravitational Waves}} from a {{Binary Black Hole Coalescence}}},
  shorttitle = {{{GW170814}}},
  author = {Abbott, B. P. and Abbott, R. and Abbott, T. D. and Acernese, F. and Ackley, K. and Adams, C. and Adams, T. and Addesso, P. and Adhikari, R. X. and Adya, V. B. and Affeldt, C. and Afrough, M. and Agarwal, B. and Agathos, M. and Agatsuma, K. and Aggarwal, N. and Aguiar, O. D. and Aiello, L. and Ain, A. and Ajith, P. and Allen, B. and Allen, G. and Allocca, A. and Altin, P. A. and Amato, A. and Ananyeva, A. and Anderson, S. B. and Anderson, W. G. and Angelova, S. V. and Antier, S. and Appert, S. and Arai, K. and Araya, M. C. and Areeda, J. S. and Arnaud, N. and Arun, K. G. and Ascenzi, S. and Ashton, G. and Ast, M. and Aston, S. M. and Astone, P. and Atallah, D. V. and Aufmuth, P. and Aulbert, C. and AultONeal, K. and Austin, C. and Avila-Alvarez, A. and Babak, S. and Bacon, P. and Bader, M. K. M. and Bae, S. and Baker, P. T. and Baldaccini, F. and Ballardin, G. and Ballmer, S. W. and Banagiri, S. and Barayoga, J. C. and Barclay, S. E. and Barish, B. C. and Barker, D. and Barkett, K. and Barone, F. and Barr, B. and Barsotti, L. and Barsuglia, M. and Barta, D. and Barthelmy, S. D. and Bartlett, J. and Bartos, I. and Bassiri, R. and Basti, A. and Batch, J. C. and Bawaj, M. and Bayley, J. C. and Bazzan, M. and Bécsy, B. and Beer, C. and Bejger, M. and Belahcene, I. and Bell, A. S. and Berger, B. K. and Bergmann, G. and Bero, J. J. and Berry, C. P. L. and Bersanetti, D. and Bertolini, A. and Betzwieser, J. and Bhagwat, S. and Bhandare, R. and Bilenko, I. A. and Billingsley, G. and Billman, C. R. and Birch, J. and Birney, R. and Birnholtz, O. and Biscans, S. and Biscoveanu, S. and Bisht, A. and Bitossi, M. and Biwer, C. and Bizouard, M. A. and Blackburn, J. K. and Blackman, J. and Blair, C. D. and Blair, D. G. and Blair, R. M. and Bloemen, S. and Bock, O. and Bode, N. and Boer, M. and Bogaert, G. and Bohe, A. and Bondu, F. and Bonilla, E. and Bonnand, R. and Boom, B. A. and Bork, R. and Boschi, V. and Bose, S. and Bossie, K. and Bouffanais, Y. and Bozzi, A. and Bradaschia, C. and Brady, P. R. and Branchesi, M. and Brau, J. E. and Briant, T. and Brillet, A. and Brinkmann, M. and Brisson, V. and Brockill, P. and Broida, J. E. and Brooks, A. F. and Brown, D. A. and Brown, D. D. and Brunett, S. and Buchanan, C. C. and Buikema, A. and Bulik, T. and Bulten, H. J. and Buonanno, A. and Buskulic, D. and Buy, C. and Byer, R. L. and Cabero, M. and Cadonati, L. and Cagnoli, G. and Cahillane, C. and Calderón Bustillo, J. and Callister, T. A. and Calloni, E. and Camp, J. B. and Canepa, M. and Canizares, P. and Cannon, K. C. and Cao, H. and Cao, J. and Capano, C. D. and Capocasa, E. and Carbognani, F. and Caride, S. and Carney, M. F. and Casanueva Diaz, J. and Casentini, C. and Caudill, S. and Cavaglià, M. and Cavalier, F. and Cavalieri, R. and Cella, G. and Cepeda, C. B. and Cerdá-Durán, P. and Cerretani, G. and Cesarini, E. and Chamberlin, S. J. and Chan, M. and Chao, S. and Charlton, P. and Chase, E. and Chassande-Mottin, E. and Chatterjee, D. and Chatziioannou, K. and Cheeseboro, B. D. and Chen, H. Y. and Chen, X. and Chen, Y. and Cheng, H.-P. and Chia, H. and Chincarini, A. and Chiummo, A. and Chmiel, T. and Cho, H. S. and Cho, M. and Chow, J. H. and Christensen, N. and Chu, Q. and Chua, A. J. K. and Chua, S. and Chung, A. K. W. and Chung, S. and Ciani, G. and Ciolfi, R. and Cirelli, C. E. and Cirone, A. and Clara, F. and Clark, J. A. and Clearwater, P. and Cleva, F. and Cocchieri, C. and Coccia, E. and Cohadon, P.-F. and Cohen, D. and Colla, A. and Collette, C. G. and Cominsky, L. R. and Constancio, M. and Conti, L. and Cooper, S. J. and Corban, P. and Corbitt, T. R. and Cordero-Carrión, I. and Corley, K. R. and Cornish, N. and Corsi, A. and Cortese, S. and Costa, C. A. and Coughlin, M. W. and Coughlin, S. B. and Coulon, J.-P. and Countryman, S. T. and Couvares, P. and Covas, P. B. and Cowan, E. E. and Coward, D. M. and Cowart, M. J. and Coyne, D. C. and Coyne, R. and Creighton, J. D. E. and Creighton, T. D. and Cripe, J. and Crowder, S. G. and Cullen, T. J. and Cumming, A. and Cunningham, L. and Cuoco, E. and Dal Canton, T. and Dálya, G. and Danilishin, S. L. and D’Antonio, S. and Danzmann, K. and Dasgupta, A. and Da Silva Costa, C. F. and Dattilo, V. and Dave, I. and Davier, M. and Davis, D. and Daw, E. J. and Day, B. and De, S. and DeBra, D. and Degallaix, J. and De Laurentis, M. and Deléglise, S. and Del Pozzo, W. and Demos, N. and Denker, T. and Dent, T. and De Pietri, R. and Dergachev, V. and De Rosa, R. and DeRosa, R. T. and De Rossi, C. and DeSalvo, R. and de Varona, O. and Devenson, J. and Dhurandhar, S. and Díaz, M. C. and Di Fiore, L. and Di Giovanni, M. and Di Girolamo, T. and Di Lieto, A. and Di Pace, S. and Di Palma, I. and Di Renzo, F. and Doctor, Z. and Dolique, V. and Donovan, F. and Dooley, K. L. and Doravari, S. and Dorrington, I. and Douglas, R. and Dovale Álvarez, M. and Downes, T. P. and Drago, M. and Dreissigacker, C. and Driggers, J. C. and Du, Z. and Ducrot, M. and Dupej, P. and Dwyer, S. E. and Edo, T. B. and Edwards, M. C. and Effler, A. and Eggenstein, H.-B. and Ehrens, P. and Eichholz, J. and Eikenberry, S. S. and Eisenstein, R. A. and Essick, R. C. and Estevez, D. and Etienne, Z. B. and Etzel, T. and Evans, M. and Evans, T. M. and Factourovich, M. and Fafone, V. and Fair, H. and Fairhurst, S. and Fan, X. and Farinon, S. and Farr, B. and Farr, W. M. and Fauchon-Jones, E. J. and Favata, M. and Fays, M. and Fee, C. and Fehrmann, H. and Feicht, J. and Fejer, M. M. and Fernandez-Galiana, A. and Ferrante, I. and Ferreira, E. C. and Ferrini, F. and Fidecaro, F. and Finstad, D. and Fiori, I. and Fiorucci, D. and Fishbach, M. and Fisher, R. P. and Fitz-Axen, M. and Flaminio, R. and Fletcher, M. and Fong, H. and Font, J. A. and Forsyth, P. W. F. and Forsyth, S. S. and Fournier, J.-D. and Frasca, S. and Frasconi, F. and Frei, Z. and Freise, A. and Frey, R. and Frey, V. and Fries, E. M. and Fritschel, P. and Frolov, V. V. and Fulda, P. and Fyffe, M. and Gabbard, H. and Gadre, B. U. and Gaebel, S. M. and Gair, J. R. and Gammaitoni, L. and Ganija, M. R. and Gaonkar, S. G. and Garcia-Quiros, C. and Garufi, F. and Gateley, B. and Gaudio, S. and Gaur, G. and Gayathri, V. and Gehrels, N. and Gemme, G. and Genin, E. and Gennai, A. and George, D. and George, J. and Gergely, L. and Germain, V. and Ghonge, S. and Ghosh, Abhirup and Ghosh, Archisman and Ghosh, S. and Giaime, J. A. and Giardina, K. D. and Giazotto, A. and Gill, K. and Glover, L. and Goetz, E. and Goetz, R. and Gomes, S. and Goncharov, B. and González, G. and Gonzalez Castro, J. M. and Gopakumar, A. and Gorodetsky, M. L. and Gossan, S. E. and Gosselin, M. and Gouaty, R. and Grado, A. and Graef, C. and Granata, M. and Grant, A. and Gras, S. and Gray, C. and Greco, G. and Green, A. C. and Gretarsson, E. M. and Groot, P. and Grote, H. and Grunewald, S. and Gruning, P. and Guidi, G. M. and Guo, X. and Gupta, A. and Gupta, M. K. and Gushwa, K. E. and Gustafson, E. K. and Gustafson, R. and Halim, O. and Hall, B. R. and Hall, E. D. and Hamilton, E. Z. and Hammond, G. and Haney, M. and Hanke, M. M. and Hanks, J. and Hanna, C. and Hannam, M. D. and Hannuksela, O. A. and Hanson, J. and Hardwick, T. and Harms, J. and Harry, G. M. and Harry, I. W. and Hart, M. J. and Haster, C.-J. and Haughian, K. and Healy, J. and Heidmann, A. and Heintze, M. C. and Heitmann, H. and Hello, P. and Hemming, G. and Hendry, M. and Heng, I. S. and Hennig, J. and Heptonstall, A. W. and Heurs, M. and Hild, S. and Hinderer, T. and Hoak, D. and Hofman, D. and Holt, K. and Holz, D. E. and Hopkins, P. and Horst, C. and Hough, J. and Houston, E. A. and Howell, E. J. and Hu, Y. M. and Huerta, E. A. and Huet, D. and Hughey, B. and Husa, S. and Huttner, S. H. and Huynh-Dinh, T. and Indik, N. and Inta, R. and Intini, G. and Isa, H. N. and Isac, J.-M. and Isi, M. and Iyer, B. R. and Izumi, K. and Jacqmin, T. and Jani, K. and Jaranowski, P. and Jawahar, S. and Jiménez-Forteza, F. and Johnson, W. W. and Johnson-McDaniel, N. K. and Jones, D. I. and Jones, R. and Jonker, R. J. G. and Ju, L. and Junker, J. and Kalaghatgi, C. V. and Kalogera, V. and Kamai, B. and Kandhasamy, S. and Kang, G. and Kanner, J. B. and Kapadia, S. J. and Karki, S. and Karvinen, K. S. and Kasprzack, M. and Katolik, M. and Katsavounidis, E. and Katzman, W. and Kaufer, S. and Kawabe, K. and Kéfélian, F. and Keitel, D. and Kemball, A. J. and Kennedy, R. and Kent, C. and Key, J. S. and Khalili, F. Y. and Khan, I. and Khan, S. and Khan, Z. and Khazanov, E. A. and Kijbunchoo, N. and Kim, Chunglee and Kim, J. C. and Kim, K. and Kim, W. and Kim, W. S. and Kim, Y.-M. and Kimbrell, S. J. and King, E. J. and King, P. J. and Kinley-Hanlon, M. and Kirchhoff, R. and Kissel, J. S. and Kleybolte, L. and Klimenko, S. and Knowles, T. D. and Koch, P. and Koehlenbeck, S. M. and Koley, S. and Kondrashov, V. and Kontos, A. and Korobko, M. and Korth, W. Z. and Kowalska, I. and Kozak, D. B. and Krämer, C. and Kringel, V. and Krishnan, B. and Królak, A. and Kuehn, G. and Kumar, P. and Kumar, R. and Kumar, S. and Kuo, L. and Kutynia, A. and Kwang, S. and Lackey, B. D. and Lai, K. H. and Landry, M. and Lang, R. N. and Lange, J. and Lantz, B. and Lanza, R. K. and Lartaux-Vollard, A. and Lasky, P. D. and Laxen, M. and Lazzarini, A. and Lazzaro, C. and Leaci, P. and Leavey, S. and Lee, C. H. and Lee, H. K. and Lee, H. M. and Lee, H. W. and Lee, K. and Lehmann, J. and Lenon, A. and Leonardi, M. and Leroy, N. and Letendre, N. and Levin, Y. and Li, T. G. F. and Linker, S. D. and Littenberg, T. B. and Liu, J. and Lo, R. K. L. and Lockerbie, N. A. and London, L. T. and Lord, J. E. and Lorenzini, M. and Loriette, V. and Lormand, M. and Losurdo, G. and Lough, J. D. and Lousto, C. O. and Lovelace, G. and Lück, H. and Lumaca, D. and Lundgren, A. P. and Lynch, R. and Ma, Y. and Macas, R. and Macfoy, S. and Machenschalk, B. and MacInnis, M. and Macleod, D. M. and Magaña Hernandez, I. and Magaña-Sandoval, F. and Magaña Zertuche, L. and Magee, R. M. and Majorana, E. and Maksimovic, I. and Man, N. and Mandic, V. and Mangano, V. and Mansell, G. L. and Manske, M. and Mantovani, M. and Marchesoni, F. and Marion, F. and Márka, S. and Márka, Z. and Markakis, C. and Markosyan, A. S. and Markowitz, A. and Maros, E. and Marquina, A. and Marsh, P. and Martelli, F. and Martellini, L. and Martin, I. W. and Martin, R. M. and Martynov, D. V. and Mason, K. and Massera, E. and Masserot, A. and Massinger, T. J. and Masso-Reid, M. and Mastrogiovanni, S. and Matas, A. and Matichard, F. and Matone, L. and Mavalvala, N. and Mazumder, N. and McCarthy, R. and McClelland, D. E. and McCormick, S. and McCuller, L. and McGuire, S. C. and McIntyre, G. and McIver, J. and McManus, D. J. and McNeill, L. and McRae, T. and McWilliams, S. T. and Meacher, D. and Meadors, G. D. and Mehmet, M. and Meidam, J. and Mejuto-Villa, E. and Melatos, A. and Mendell, G. and Mercer, R. A. and Merilh, E. L. and Merzougui, M. and Meshkov, S. and Messenger, C. and Messick, C. and Metzdorff, R. and Meyers, P. M. and Miao, H. and Michel, C. and Middleton, H. and Mikhailov, E. E. and Milano, L. and Miller, A. L. and Miller, B. B. and Miller, J. and Millhouse, M. and Milovich-Goff, M. C. and Minazzoli, O. and Minenkov, Y. and Ming, J. and Mishra, C. and Mitra, S. and Mitrofanov, V. P. and Mitselmakher, G. and Mittleman, R. and Moffa, D. and Moggi, A. and Mogushi, K. and Mohan, M. and Mohapatra, S. R. P. and Montani, M. and Moore, C. J. and Moraru, D. and Moreno, G. and Morisaki, S. and Morriss, S. R. and Mours, B. and Mow-Lowry, C. M. and Mueller, G. and Muir, A. W. and Mukherjee, A. and Mukherjee, D. and Mukherjee, S. and Mukund, N. and Mullavey, A. and Munch, J. and Muñiz, E. A. and Muratore, M. and Murray, P. G. and Napier, K. and Nardecchia, I. and Naticchioni, L. and Nayak, R. K. and Neilson, J. and Nelemans, G. and Nelson, T. J. N. and Nery, M. and Neunzert, A. and Nevin, L. and Newport, J. M. and Newton, G. and Ng, K. K. Y. and Nguyen, T. T. and Nichols, D. and Nielsen, A. B. and Nissanke, S. and Nitz, A. and Noack, A. and Nocera, F. and Nolting, D. and North, C. and Nuttall, L. K. and Oberling, J. and O’Dea, G. D. and Ogin, G. H. and Oh, J. J. and Oh, S. H. and Ohme, F. and Okada, M. A. and Oliver, M. and Oppermann, P. and Oram, R. J. and O’Reilly, B. and Ormiston, R. and Ortega, L. F. and O’Shaughnessy, R. and Ossokine, S. and Ottaway, D. J. and Overmier, H. and Owen, B. J. and Pace, A. E. and Page, J. and Page, M. A. and Pai, A. and Pai, S. A. and Palamos, J. R. and Palashov, O. and Palomba, C. and Pal-Singh, A. and Pan, Howard and Pan, Huang-Wei and Pang, B. and Pang, P. T. H. and Pankow, C. and Pannarale, F. and Pant, B. C. and Paoletti, F. and Paoli, A. and Papa, M. A. and Parida, A. and Parker, W. and Pascucci, D. and Pasqualetti, A. and Passaquieti, R. and Passuello, D. and Patil, M. and Patricelli, B. and Pearlstone, B. L. and Pedraza, M. and Pedurand, R. and Pekowsky, L. and Pele, A. and Penn, S. and Perez, C. J. and Perreca, A. and Perri, L. M. and Pfeiffer, H. P. and Phelps, M. and Piccinni, O. J. and Pichot, M. and Piergiovanni, F. and Pierro, V. and Pillant, G. and Pinard, L. and Pinto, I. M. and Pirello, M. and Pitkin, M. and Poe, M. and Poggiani, R. and Popolizio, P. and Porter, E. K. and Post, A. and Powell, J. and Prasad, J. and Pratt, J. W. W. and Pratten, G. and Predoi, V. and Prestegard, T. and Prijatelj, M. and Principe, M. and Privitera, S. and Prix, R. and Prodi, G. A. and Prokhorov, L. G. and Puncken, O. and Punturo, M. and Puppo, P. and Pürrer, M. and Qi, H. and Quetschke, V. and Quintero, E. A. and Quitzow-James, R. and Raab, F. J. and Rabeling, D. S. and Radkins, H. and Raffai, P. and Raja, S. and Rajan, C. and Rajbhandari, B. and Rakhmanov, M. and Ramirez, K. E. and Ramos-Buades, A. and Rapagnani, P. and Raymond, V. and Razzano, M. and Read, J. and Regimbau, T. and Rei, L. and Reid, S. and Reitze, D. H. and Ren, W. and Reyes, S. D. and Ricci, F. and Ricker, P. M. and Rieger, S. and Riles, K. and Rizzo, M. and Robertson, N. A. and Robie, R. and Robinet, F. and Rocchi, A. and Rolland, L. and Rollins, J. G. and Roma, V. J. and Romano, J. D. and Romano, R. and Romel, C. L. and Romie, J. H. and Rosińska, D. and Ross, M. P. and Rowan, S. and Rüdiger, A. and Ruggi, P. and Rutins, G. and Ryan, K. and Sachdev, S. and Sadecki, T. and Sadeghian, L. and Sakellariadou, M. and Salconi, L. and Saleem, M. and Salemi, F. and Samajdar, A. and Sammut, L. and Sampson, L. M. and Sanchez, E. J. and Sanchez, L. E. and Sanchis-Gual, N. and Sandberg, V. and Sanders, J. R. and Sassolas, B. and Sathyaprakash, B. S. and Saulson, P. R. and Sauter, O. and Savage, R. L. and Sawadsky, A. and Schale, P. and Scheel, M. and Scheuer, J. and Schmidt, J. and Schmidt, P. and Schnabel, R. and Schofield, R. M. S. and Schönbeck, A. and Schreiber, E. and Schuette, D. and Schulte, B. W. and Schutz, B. F. and Schwalbe, S. G. and Scott, J. and Scott, S. M. and Seidel, E. and Sellers, D. and Sengupta, A. S. and Sentenac, D. and Sequino, V. and Sergeev, A. and Shaddock, D. A. and Shaffer, T. J. and Shah, A. A. and Shahriar, M. S. and Shaner, M. B. and Shao, L. and Shapiro, B. and Shawhan, P. and Sheperd, A. and Shoemaker, D. H. and Shoemaker, D. M. and Siellez, K. and Siemens, X. and Sieniawska, M. and Sigg, D. and Silva, A. D. and Singer, L. P. and Singh, A. and Singhal, A. and Sintes, A. M. and Slagmolen, B. J. J. and Smith, B. and Smith, J. R. and Smith, R. J. E. and Somala, S. and Son, E. J. and Sonnenberg, J. A. and Sorazu, B. and Sorrentino, F. and Souradeep, T. and Spencer, A. P. and Srivastava, A. K. and Staats, K. and Staley, A. and Steinke, M. and Steinlechner, J. and Steinlechner, S. and Steinmeyer, D. and Stevenson, S. P. and Stone, R. and Stops, D. J. and Strain, K. A. and Stratta, G. and Strigin, S. E. and Strunk, A. and Sturani, R. and Stuver, A. L. and Summerscales, T. Z. and Sun, L. and Sunil, S. and Suresh, J. and Sutton, P. J. and Swinkels, B. L. and Szczepańczyk, M. J. and Tacca, M. and Tait, S. C. and Talbot, C. and Talukder, D. and Tanner, D. B. and Tápai, M. and Taracchini, A. and Tasson, J. D. and Taylor, J. A. and Taylor, R. and Tewari, S. V. and Theeg, T. and Thies, F. and Thomas, E. G. and Thomas, M. and Thomas, P. and Thorne, K. A. and Thrane, E. and Tiwari, S. and Tiwari, V. and Tokmakov, K. V. and Toland, K. and Tonelli, M. and Tornasi, Z. and Torres-Forné, A. and Torrie, C. I. and Töyrä, D. and Travasso, F. and Traylor, G. and Trinastic, J. and Tringali, M. C. and Trozzo, L. and Tsang, K. W. and Tse, M. and Tso, R. and Tsukada, L. and Tsuna, D. and Tuyenbayev, D. and Ueno, K. and Ugolini, D. and Unnikrishnan, C. S. and Urban, A. L. and Usman, S. A. and Vahlbruch, H. and Vajente, G. and Valdes, G. and Vallisneri, M. and van Bakel, N. and van Beuzekom, M. and van den Brand, J. F. J. and Van Den Broeck, C. and Vander-Hyde, D. C. and van der Schaaf, L. and van Heijningen, J. V. and van Veggel, A. A. and Vardaro, M. and Varma, V. and Vass, S. and Vasúth, M. and Vecchio, A. and Vedovato, G. and Veitch, J. and Veitch, P. J. and Venkateswara, K. and Venugopalan, G. and Verkindt, D. and Vetrano, F. and Viceré, A. and Viets, A. D. and Vinciguerra, S. and Vine, D. J. and Vinet, J.-Y. and Vitale, S. and Vo, T. and Vocca, H. and Vorvick, C. and Vyatchanin, S. P. and Wade, A. R. and Wade, L. E. and Wade, M. and Walet, R. and Walker, M. and Wallace, L. and Walsh, S. and Wang, G. and Wang, H. and Wang, J. Z. and Wang, W. H. and Wang, Y. F. and Ward, R. L. and Warner, J. and Was, M. and Watchi, J. and Weaver, B. and Wei, L.-W. and Weinert, M. and Weinstein, A. J. and Weiss, R. and Wen, L. and Wessel, E. K. and Weßels, P. and Westerweck, J. and Westphal, T. and Wette, K. and Whelan, J. T. and Whitcomb, S. E. and Whiting, B. F. and Whittle, C. and Wilken, D. and Williams, D. and Williams, R. D. and Williamson, A. R. and Willis, J. L. and Willke, B. and Wimmer, M. H. and Winkler, W. and Wipf, C. C. and Wittel, H. and Woan, G. and Woehler, J. and Wofford, J. and Wong, K. W. K. and Worden, J. and Wright, J. L. and Wu, D. S. and Wysocki, D. M. and Xiao, S. and Yamamoto, H. and Yancey, C. C. and Yang, L. and Yap, M. J. and Yazback, M. and Yu, Hang and Yu, Haocun and Yvert, M. and Zadrożny, A. and Zanolin, M. and Zelenova, T. and Zendri, J.-P. and Zevin, M. and Zhang, L. and Zhang, M. and Zhang, T. and Zhang, Y.-H. and Zhao, C. and Zhou, M. and Zhou, Z. and Zhu, S. J. and Zhu, X. J. and Zimmerman, A. B. and Zucker, M. E. and Zweizig, J. and {LIGO Scientific Collaboration and Virgo Collaboration}},
  date = {2017-10-06},
  journaltitle = {Physical Review Letters},
  shortjournal = {Phys. Rev. Lett.},
  volume = {119},
  pages = {141101},
  issn = {0031-9007, 1079-7114},
  doi = {10.1103/PhysRevLett.119.141101},
  url = {https://link.aps.org/doi/10.1103/PhysRevLett.119.141101},
  urldate = {2021-04-04},
  langid = {english},
  number = {14},
  options = {useprefix=true}
}

@article{abbottGW170817ObservationGravitational2017,
  title = {{{GW170817}}: {{Observation}} of {{Gravitational Waves}} from a {{Binary Neutron Star Inspiral}}},
  shorttitle = {{{GW170817}}},
  author = {Abbott, B. P. and Abbott, R. and Abbott, T. D. and Acernese, F. and Ackley, K. and Adams, C. and Adams, T. and Addesso, P. and Adhikari, R. X. and Adya, V. B. and Affeldt, C. and Afrough, M. and Agarwal, B. and Agathos, M. and Agatsuma, K. and Aggarwal, N. and Aguiar, O. D. and Aiello, L. and Ain, A. and Ajith, P. and Allen, B. and Allen, G. and Allocca, A. and Altin, P. A. and Amato, A. and Ananyeva, A. and Anderson, S. B. and Anderson, W. G. and Angelova, S. V. and Antier, S. and Appert, S. and Arai, K. and Araya, M. C. and Areeda, J. S. and Arnaud, N. and Arun, K. G. and Ascenzi, S. and Ashton, G. and Ast, M. and Aston, S. M. and Astone, P. and Atallah, D. V. and Aufmuth, P. and Aulbert, C. and AultONeal, K. and Austin, C. and Avila-Alvarez, A. and Babak, S. and Bacon, P. and Bader, M. K. M. and Bae, S. and Bailes, M. and Baker, P. T. and Baldaccini, F. and Ballardin, G. and Ballmer, S. W. and Banagiri, S. and Barayoga, J. C. and Barclay, S. E. and Barish, B. C. and Barker, D. and Barkett, K. and Barone, F. and Barr, B. and Barsotti, L. and Barsuglia, M. and Barta, D. and Barthelmy, S. D. and Bartlett, J. and Bartos, I. and Bassiri, R. and Basti, A. and Batch, J. C. and Bawaj, M. and Bayley, J. C. and Bazzan, M. and Bécsy, B. and Beer, C. and Bejger, M. and Belahcene, I. and Bell, A. S. and Berger, B. K. and Bergmann, G. and Bernuzzi, S. and Bero, J. J. and Berry, C. P. L. and Bersanetti, D. and Bertolini, A. and Betzwieser, J. and Bhagwat, S. and Bhandare, R. and Bilenko, I. A. and Billingsley, G. and Billman, C. R. and Birch, J. and Birney, R. and Birnholtz, O. and Biscans, S. and Biscoveanu, S. and Bisht, A. and Bitossi, M. and Biwer, C. and Bizouard, M. A. and Blackburn, J. K. and Blackman, J. and Blair, C. D. and Blair, D. G. and Blair, R. M. and Bloemen, S. and Bock, O. and Bode, N. and Boer, M. and Bogaert, G. and Bohe, A. and Bondu, F. and Bonilla, E. and Bonnand, R. and Boom, B. A. and Bork, R. and Boschi, V. and Bose, S. and Bossie, K. and Bouffanais, Y. and Bozzi, A. and Bradaschia, C. and Brady, P. R. and Branchesi, M. and Brau, J. E. and Briant, T. and Brillet, A. and Brinkmann, M. and Brisson, V. and Brockill, P. and Broida, J. E. and Brooks, A. F. and Brown, D. A. and Brown, D. D. and Brunett, S. and Buchanan, C. C. and Buikema, A. and Bulik, T. and Bulten, H. J. and Buonanno, A. and Buskulic, D. and Buy, C. and Byer, R. L. and Cabero, M. and Cadonati, L. and Cagnoli, G. and Cahillane, C. and Calderón Bustillo, J. and Callister, T. A. and Calloni, E. and Camp, J. B. and Canepa, M. and Canizares, P. and Cannon, K. C. and Cao, H. and Cao, J. and Capano, C. D. and Capocasa, E. and Carbognani, F. and Caride, S. and Carney, M. F. and Carullo, G. and Casanueva Diaz, J. and Casentini, C. and Caudill, S. and Cavaglià, M. and Cavalier, F. and Cavalieri, R. and Cella, G. and Cepeda, C. B. and Cerdá-Durán, P. and Cerretani, G. and Cesarini, E. and Chamberlin, S. J. and Chan, M. and Chao, S. and Charlton, P. and Chase, E. and Chassande-Mottin, E. and Chatterjee, D. and Chatziioannou, K. and Cheeseboro, B. D. and Chen, H. Y. and Chen, X. and Chen, Y. and Cheng, H.-P. and Chia, H. and Chincarini, A. and Chiummo, A. and Chmiel, T. and Cho, H. S. and Cho, M. and Chow, J. H. and Christensen, N. and Chu, Q. and Chua, A. J. K. and Chua, S. and Chung, A. K. W. and Chung, S. and Ciani, G. and Ciolfi, R. and Cirelli, C. E. and Cirone, A. and Clara, F. and Clark, J. A. and Clearwater, P. and Cleva, F. and Cocchieri, C. and Coccia, E. and Cohadon, P.-F. and Cohen, D. and Colla, A. and Collette, C. G. and Cominsky, L. R. and Constancio, M. and Conti, L. and Cooper, S. J. and Corban, P. and Corbitt, T. R. and Cordero-Carrión, I. and Corley, K. R. and Cornish, N. and Corsi, A. and Cortese, S. and Costa, C. A. and Coughlin, M. W. and Coughlin, S. B. and Coulon, J.-P. and Countryman, S. T. and Couvares, P. and Covas, P. B. and Cowan, E. E. and Coward, D. M. and Cowart, M. J. and Coyne, D. C. and Coyne, R. and Creighton, J. D. E. and Creighton, T. D. and Cripe, J. and Crowder, S. G. and Cullen, T. J. and Cumming, A. and Cunningham, L. and Cuoco, E. and Dal Canton, T. and Dálya, G. and Danilishin, S. L. and D’Antonio, S. and Danzmann, K. and Dasgupta, A. and Da Silva Costa, C. F. and Dattilo, V. and Dave, I. and Davier, M. and Davis, D. and Daw, E. J. and Day, B. and De, S. and DeBra, D. and Degallaix, J. and De Laurentis, M. and Deléglise, S. and Del Pozzo, W. and Demos, N. and Denker, T. and Dent, T. and De Pietri, R. and Dergachev, V. and De Rosa, R. and DeRosa, R. T. and De Rossi, C. and DeSalvo, R. and de Varona, O. and Devenson, J. and Dhurandhar, S. and Díaz, M. C. and Dietrich, T. and Di Fiore, L. and Di Giovanni, M. and Di Girolamo, T. and Di Lieto, A. and Di Pace, S. and Di Palma, I. and Di Renzo, F. and Doctor, Z. and Dolique, V. and Donovan, F. and Dooley, K. L. and Doravari, S. and Dorrington, I. and Douglas, R. and Dovale Álvarez, M. and Downes, T. P. and Drago, M. and Dreissigacker, C. and Driggers, J. C. and Du, Z. and Ducrot, M. and Dudi, R. and Dupej, P. and Dwyer, S. E. and Edo, T. B. and Edwards, M. C. and Effler, A. and Eggenstein, H.-B. and Ehrens, P. and Eichholz, J. and Eikenberry, S. S. and Eisenstein, R. A. and Essick, R. C. and Estevez, D. and Etienne, Z. B. and Etzel, T. and Evans, M. and Evans, T. M. and Factourovich, M. and Fafone, V. and Fair, H. and Fairhurst, S. and Fan, X. and Farinon, S. and Farr, B. and Farr, W. M. and Fauchon-Jones, E. J. and Favata, M. and Fays, M. and Fee, C. and Fehrmann, H. and Feicht, J. and Fejer, M. M. and Fernandez-Galiana, A. and Ferrante, I. and Ferreira, E. C. and Ferrini, F. and Fidecaro, F. and Finstad, D. and Fiori, I. and Fiorucci, D. and Fishbach, M. and Fisher, R. P. and Fitz-Axen, M. and Flaminio, R. and Fletcher, M. and Fong, H. and Font, J. A. and Forsyth, P. W. F. and Forsyth, S. S. and Fournier, J.-D. and Frasca, S. and Frasconi, F. and Frei, Z. and Freise, A. and Frey, R. and Frey, V. and Fries, E. M. and Fritschel, P. and Frolov, V. V. and Fulda, P. and Fyffe, M. and Gabbard, H. and Gadre, B. U. and Gaebel, S. M. and Gair, J. R. and Gammaitoni, L. and Ganija, M. R. and Gaonkar, S. G. and Garcia-Quiros, C. and Garufi, F. and Gateley, B. and Gaudio, S. and Gaur, G. and Gayathri, V. and Gehrels, N. and Gemme, G. and Genin, E. and Gennai, A. and George, D. and George, J. and Gergely, L. and Germain, V. and Ghonge, S. and Ghosh, Abhirup and Ghosh, Archisman and Ghosh, S. and Giaime, J. A. and Giardina, K. D. and Giazotto, A. and Gill, K. and Glover, L. and Goetz, E. and Goetz, R. and Gomes, S. and Goncharov, B. and González, G. and Gonzalez Castro, J. M. and Gopakumar, A. and Gorodetsky, M. L. and Gossan, S. E. and Gosselin, M. and Gouaty, R. and Grado, A. and Graef, C. and Granata, M. and Grant, A. and Gras, S. and Gray, C. and Greco, G. and Green, A. C. and Gretarsson, E. M. and Groot, P. and Grote, H. and Grunewald, S. and Gruning, P. and Guidi, G. M. and Guo, X. and Gupta, A. and Gupta, M. K. and Gushwa, K. E. and Gustafson, E. K. and Gustafson, R. and Halim, O. and Hall, B. R. and Hall, E. D. and Hamilton, E. Z. and Hammond, G. and Haney, M. and Hanke, M. M. and Hanks, J. and Hanna, C. and Hannam, M. D. and Hannuksela, O. A. and Hanson, J. and Hardwick, T. and Harms, J. and Harry, G. M. and Harry, I. W. and Hart, M. J. and Haster, C.-J. and Haughian, K. and Healy, J. and Heidmann, A. and Heintze, M. C. and Heitmann, H. and Hello, P. and Hemming, G. and Hendry, M. and Heng, I. S. and Hennig, J. and Heptonstall, A. W. and Heurs, M. and Hild, S. and Hinderer, T. and Ho, W. C. G. and Hoak, D. and Hofman, D. and Holt, K. and Holz, D. E. and Hopkins, P. and Horst, C. and Hough, J. and Houston, E. A. and Howell, E. J. and Hreibi, A. and Hu, Y. M. and Huerta, E. A. and Huet, D. and Hughey, B. and Husa, S. and Huttner, S. H. and Huynh-Dinh, T. and Indik, N. and Inta, R. and Intini, G. and Isa, H. N. and Isac, J.-M. and Isi, M. and Iyer, B. R. and Izumi, K. and Jacqmin, T. and Jani, K. and Jaranowski, P. and Jawahar, S. and Jiménez-Forteza, F. and Johnson, W. W. and Johnson-McDaniel, N. K. and Jones, D. I. and Jones, R. and Jonker, R. J. G. and Ju, L. and Junker, J. and Kalaghatgi, C. V. and Kalogera, V. and Kamai, B. and Kandhasamy, S. and Kang, G. and Kanner, J. B. and Kapadia, S. J. and Karki, S. and Karvinen, K. S. and Kasprzack, M. and Kastaun, W. and Katolik, M. and Katsavounidis, E. and Katzman, W. and Kaufer, S. and Kawabe, K. and Kéfélian, F. and Keitel, D. and Kemball, A. J. and Kennedy, R. and Kent, C. and Key, J. S. and Khalili, F. Y. and Khan, I. and Khan, S. and Khan, Z. and Khazanov, E. A. and Kijbunchoo, N. and Kim, Chunglee and Kim, J. C. and Kim, K. and Kim, W. and Kim, W. S. and Kim, Y.-M. and Kimbrell, S. J. and King, E. J. and King, P. J. and Kinley-Hanlon, M. and Kirchhoff, R. and Kissel, J. S. and Kleybolte, L. and Klimenko, S. and Knowles, T. D. and Koch, P. and Koehlenbeck, S. M. and Koley, S. and Kondrashov, V. and Kontos, A. and Korobko, M. and Korth, W. Z. and Kowalska, I. and Kozak, D. B. and Krämer, C. and Kringel, V. and Krishnan, B. and Królak, A. and Kuehn, G. and Kumar, P. and Kumar, R. and Kumar, S. and Kuo, L. and Kutynia, A. and Kwang, S. and Lackey, B. D. and Lai, K. H. and Landry, M. and Lang, R. N. and Lange, J. and Lantz, B. and Lanza, R. K. and Larson, S. L. and Lartaux-Vollard, A. and Lasky, P. D. and Laxen, M. and Lazzarini, A. and Lazzaro, C. and Leaci, P. and Leavey, S. and Lee, C. H. and Lee, H. K. and Lee, H. M. and Lee, H. W. and Lee, K. and Lehmann, J. and Lenon, A. and Leon, E. and Leonardi, M. and Leroy, N. and Letendre, N. and Levin, Y. and Li, T. G. F. and Linker, S. D. and Littenberg, T. B. and Liu, J. and Liu, X. and Lo, R. K. L. and Lockerbie, N. A. and London, L. T. and Lord, J. E. and Lorenzini, M. and Loriette, V. and Lormand, M. and Losurdo, G. and Lough, J. D. and Lousto, C. O. and Lovelace, G. and Lück, H. and Lumaca, D. and Lundgren, A. P. and Lynch, R. and Ma, Y. and Macas, R. and Macfoy, S. and Machenschalk, B. and MacInnis, M. and Macleod, D. M. and Magaña Hernandez, I. and Magaña-Sandoval, F. and Magaña Zertuche, L. and Magee, R. M. and Majorana, E. and Maksimovic, I. and Man, N. and Mandic, V. and Mangano, V. and Mansell, G. L. and Manske, M. and Mantovani, M. and Marchesoni, F. and Marion, F. and Márka, S. and Márka, Z. and Markakis, C. and Markosyan, A. S. and Markowitz, A. and Maros, E. and Marquina, A. and Marsh, P. and Martelli, F. and Martellini, L. and Martin, I. W. and Martin, R. M. and Martynov, D. V. and Marx, J. N. and Mason, K. and Massera, E. and Masserot, A. and Massinger, T. J. and Masso-Reid, M. and Mastrogiovanni, S. and Matas, A. and Matichard, F. and Matone, L. and Mavalvala, N. and Mazumder, N. and McCarthy, R. and McClelland, D. E. and McCormick, S. and McCuller, L. and McGuire, S. C. and McIntyre, G. and McIver, J. and McManus, D. J. and McNeill, L. and McRae, T. and McWilliams, S. T. and Meacher, D. and Meadors, G. D. and Mehmet, M. and Meidam, J. and Mejuto-Villa, E. and Melatos, A. and Mendell, G. and Mercer, R. A. and Merilh, E. L. and Merzougui, M. and Meshkov, S. and Messenger, C. and Messick, C. and Metzdorff, R. and Meyers, P. M. and Miao, H. and Michel, C. and Middleton, H. and Mikhailov, E. E. and Milano, L. and Miller, A. L. and Miller, B. B. and Miller, J. and Millhouse, M. and Milovich-Goff, M. C. and Minazzoli, O. and Minenkov, Y. and Ming, J. and Mishra, C. and Mitra, S. and Mitrofanov, V. P. and Mitselmakher, G. and Mittleman, R. and Moffa, D. and Moggi, A. and Mogushi, K. and Mohan, M. and Mohapatra, S. R. P. and Molina, I. and Montani, M. and Moore, C. J. and Moraru, D. and Moreno, G. and Morisaki, S. and Morriss, S. R. and Mours, B. and Mow-Lowry, C. M. and Mueller, G. and Muir, A. W. and Mukherjee, Arunava and Mukherjee, D. and Mukherjee, S. and Mukund, N. and Mullavey, A. and Munch, J. and Muñiz, E. A. and Muratore, M. and Murray, P. G. and Nagar, A. and Napier, K. and Nardecchia, I. and Naticchioni, L. and Nayak, R. K. and Neilson, J. and Nelemans, G. and Nelson, T. J. N. and Nery, M. and Neunzert, A. and Nevin, L. and Newport, J. M. and Newton, G. and Ng, K. K. Y. and Nguyen, P. and Nguyen, T. T. and Nichols, D. and Nielsen, A. B. and Nissanke, S. and Nitz, A. and Noack, A. and Nocera, F. and Nolting, D. and North, C. and Nuttall, L. K. and Oberling, J. and O’Dea, G. D. and Ogin, G. H. and Oh, J. J. and Oh, S. H. and Ohme, F. and Okada, M. A. and Oliver, M. and Oppermann, P. and Oram, Richard J. and O’Reilly, B. and Ormiston, R. and Ortega, L. F. and O’Shaughnessy, R. and Ossokine, S. and Ottaway, D. J. and Overmier, H. and Owen, B. J. and Pace, A. E. and Page, J. and Page, M. A. and Pai, A. and Pai, S. A. and Palamos, J. R. and Palashov, O. and Palomba, C. and Pal-Singh, A. and Pan, Howard and Pan, Huang-Wei and Pang, B. and Pang, P. T. H. and Pankow, C. and Pannarale, F. and Pant, B. C. and Paoletti, F. and Paoli, A. and Papa, M. A. and Parida, A. and Parker, W. and Pascucci, D. and Pasqualetti, A. and Passaquieti, R. and Passuello, D. and Patil, M. and Patricelli, B. and Pearlstone, B. L. and Pedraza, M. and Pedurand, R. and Pekowsky, L. and Pele, A. and Penn, S. and Perez, C. J. and Perreca, A. and Perri, L. M. and Pfeiffer, H. P. and Phelps, M. and Piccinni, O. J. and Pichot, M. and Piergiovanni, F. and Pierro, V. and Pillant, G. and Pinard, L. and Pinto, I. M. and Pirello, M. and Pitkin, M. and Poe, M. and Poggiani, R. and Popolizio, P. and Porter, E. K. and Post, A. and Powell, J. and Prasad, J. and Pratt, J. W. W. and Pratten, G. and Predoi, V. and Prestegard, T. and Prijatelj, M. and Principe, M. and Privitera, S. and Prix, R. and Prodi, G. A. and Prokhorov, L. G. and Puncken, O. and Punturo, M. and Puppo, P. and Pürrer, M. and Qi, H. and Quetschke, V. and Quintero, E. A. and Quitzow-James, R. and Raab, F. J. and Rabeling, D. S. and Radkins, H. and Raffai, P. and Raja, S. and Rajan, C. and Rajbhandari, B. and Rakhmanov, M. and Ramirez, K. E. and Ramos-Buades, A. and Rapagnani, P. and Raymond, V. and Razzano, M. and Read, J. and Regimbau, T. and Rei, L. and Reid, S. and Reitze, D. H. and Ren, W. and Reyes, S. D. and Ricci, F. and Ricker, P. M. and Rieger, S. and Riles, K. and Rizzo, M. and Robertson, N. A. and Robie, R. and Robinet, F. and Rocchi, A. and Rolland, L. and Rollins, J. G. and Roma, V. J. and Romano, J. D. and Romano, R. and Romel, C. L. and Romie, J. H. and Rosińska, D. and Ross, M. P. and Rowan, S. and Rüdiger, A. and Ruggi, P. and Rutins, G. and Ryan, K. and Sachdev, S. and Sadecki, T. and Sadeghian, L. and Sakellariadou, M. and Salconi, L. and Saleem, M. and Salemi, F. and Samajdar, A. and Sammut, L. and Sampson, L. M. and Sanchez, E. J. and Sanchez, L. E. and Sanchis-Gual, N. and Sandberg, V. and Sanders, J. R. and Sassolas, B. and Sathyaprakash, B. S. and Saulson, P. R. and Sauter, O. and Savage, R. L. and Sawadsky, A. and Schale, P. and Scheel, M. and Scheuer, J. and Schmidt, J. and Schmidt, P. and Schnabel, R. and Schofield, R. M. S. and Schönbeck, A. and Schreiber, E. and Schuette, D. and Schulte, B. W. and Schutz, B. F. and Schwalbe, S. G. and Scott, J. and Scott, S. M. and Seidel, E. and Sellers, D. and Sengupta, A. S. and Sentenac, D. and Sequino, V. and Sergeev, A. and Shaddock, D. A. and Shaffer, T. J. and Shah, A. A. and Shahriar, M. S. and Shaner, M. B. and Shao, L. and Shapiro, B. and Shawhan, P. and Sheperd, A. and Shoemaker, D. H. and Shoemaker, D. M. and Siellez, K. and Siemens, X. and Sieniawska, M. and Sigg, D. and Silva, A. D. and Singer, L. P. and Singh, A. and Singhal, A. and Sintes, A. M. and Slagmolen, B. J. J. and Smith, B. and Smith, J. R. and Smith, R. J. E. and Somala, S. and Son, E. J. and Sonnenberg, J. A. and Sorazu, B. and Sorrentino, F. and Souradeep, T. and Spencer, A. P. and Srivastava, A. K. and Staats, K. and Staley, A. and Steinke, M. and Steinlechner, J. and Steinlechner, S. and Steinmeyer, D. and Stevenson, S. P. and Stone, R. and Stops, D. J. and Strain, K. A. and Stratta, G. and Strigin, S. E. and Strunk, A. and Sturani, R. and Stuver, A. L. and Summerscales, T. Z. and Sun, L. and Sunil, S. and Suresh, J. and Sutton, P. J. and Swinkels, B. L. and Szczepańczyk, M. J. and Tacca, M. and Tait, S. C. and Talbot, C. and Talukder, D. and Tanner, D. B. and Tápai, M. and Taracchini, A. and Tasson, J. D. and Taylor, J. A. and Taylor, R. and Tewari, S. V. and Theeg, T. and Thies, F. and Thomas, E. G. and Thomas, M. and Thomas, P. and Thorne, K. A. and Thorne, K. S. and Thrane, E. and Tiwari, S. and Tiwari, V. and Tokmakov, K. V. and Toland, K. and Tonelli, M. and Tornasi, Z. and Torres-Forné, A. and Torrie, C. I. and Töyrä, D. and Travasso, F. and Traylor, G. and Trinastic, J. and Tringali, M. C. and Trozzo, L. and Tsang, K. W. and Tse, M. and Tso, R. and Tsukada, L. and Tsuna, D. and Tuyenbayev, D. and Ueno, K. and Ugolini, D. and Unnikrishnan, C. S. and Urban, A. L. and Usman, S. A. and Vahlbruch, H. and Vajente, G. and Valdes, G. and Vallisneri, M. and van Bakel, N. and van Beuzekom, M. and van den Brand, J. F. J. and Van Den Broeck, C. and Vander-Hyde, D. C. and van der Schaaf, L. and van Heijningen, J. V. and van Veggel, A. A. and Vardaro, M. and Varma, V. and Vass, S. and Vasúth, M. and Vecchio, A. and Vedovato, G. and Veitch, J. and Veitch, P. J. and Venkateswara, K. and Venugopalan, G. and Verkindt, D. and Vetrano, F. and Viceré, A. and Viets, A. D. and Vinciguerra, S. and Vine, D. J. and Vinet, J.-Y. and Vitale, S. and Vo, T. and Vocca, H. and Vorvick, C. and Vyatchanin, S. P. and Wade, A. R. and Wade, L. E. and Wade, M. and Walet, R. and Walker, M. and Wallace, L. and Walsh, S. and Wang, G. and Wang, H. and Wang, J. Z. and Wang, W. H. and Wang, Y. F. and Ward, R. L. and Warner, J. and Was, M. and Watchi, J. and Weaver, B. and Wei, L.-W. and Weinert, M. and Weinstein, A. J. and Weiss, R. and Wen, L. and Wessel, E. K. and Weßels, P. and Westerweck, J. and Westphal, T. and Wette, K. and Whelan, J. T. and Whitcomb, S. E. and Whiting, B. F. and Whittle, C. and Wilken, D. and Williams, D. and Williams, R. D. and Williamson, A. R. and Willis, J. L. and Willke, B. and Wimmer, M. H. and Winkler, W. and Wipf, C. C. and Wittel, H. and Woan, G. and Woehler, J. and Wofford, J. and Wong, K. W. K. and Worden, J. and Wright, J. L. and Wu, D. S. and Wysocki, D. M. and Xiao, S. and Yamamoto, H. and Yancey, C. C. and Yang, L. and Yap, M. J. and Yazback, M. and Yu, Hang and Yu, Haocun and Yvert, M. and Zadrożny, A. and Zanolin, M. and Zelenova, T. and Zendri, J.-P. and Zevin, M. and Zhang, L. and Zhang, M. and Zhang, T. and Zhang, Y.-H. and Zhao, C. and Zhou, M. and Zhou, Z. and Zhu, S. J. and Zhu, X. J. and Zimmerman, A. B. and Zucker, M. E. and Zweizig, J. and {LIGO Scientific Collaboration and Virgo Collaboration}},
  date = {2017-10-16},
  journaltitle = {Physical Review Letters},
  shortjournal = {Phys. Rev. Lett.},
  volume = {119},
  pages = {161101},
  issn = {0031-9007, 1079-7114},
  doi = {10.1103/PhysRevLett.119.161101},
  url = {https://link.aps.org/doi/10.1103/PhysRevLett.119.161101},
  urldate = {2021-04-04},
  langid = {english},
  number = {16},
  options = {useprefix=true}
}

@article{abbottObservationGravitationalWaves2016,
  title = {Observation of {{Gravitational Waves}} from a {{Binary Black Hole Merger}}},
  author = {Abbott, B. P. and Abbott, R. and Abbott, T. D. and Abernathy, M. R. and Acernese, F. and Ackley, K. and Adams, C. and Adams, T. and Addesso, P. and Adhikari, R. X. and Adya, V. B. and Affeldt, C. and Agathos, M. and Agatsuma, K. and Aggarwal, N. and Aguiar, O. D. and Aiello, L. and Ain, A. and Ajith, P. and Allen, B. and Allocca, A. and Altin, P. A. and Anderson, S. B. and Anderson, W. G. and Arai, K. and Arain, M. A. and Araya, M. C. and Arceneaux, C. C. and Areeda, J. S. and Arnaud, N. and Arun, K. G. and Ascenzi, S. and Ashton, G. and Ast, M. and Aston, S. M. and Astone, P. and Aufmuth, P. and Aulbert, C. and Babak, S. and Bacon, P. and Bader, M. K. M. and Baker, P. T. and Baldaccini, F. and Ballardin, G. and Ballmer, S. W. and Barayoga, J. C. and Barclay, S. E. and Barish, B. C. and Barker, D. and Barone, F. and Barr, B. and Barsotti, L. and Barsuglia, M. and Barta, D. and Bartlett, J. and Barton, M. A. and Bartos, I. and Bassiri, R. and Basti, A. and Batch, J. C. and Baune, C. and Bavigadda, V. and Bazzan, M. and Behnke, B. and Bejger, M. and Belczynski, C. and Bell, A. S. and Bell, C. J. and Berger, B. K. and Bergman, J. and Bergmann, G. and Berry, C. P. L. and Bersanetti, D. and Bertolini, A. and Betzwieser, J. and Bhagwat, S. and Bhandare, R. and Bilenko, I. A. and Billingsley, G. and Birch, J. and Birney, R. and Birnholtz, O. and Biscans, S. and Bisht, A. and Bitossi, M. and Biwer, C. and Bizouard, M. A. and Blackburn, J. K. and Blair, C. D. and Blair, D. G. and Blair, R. M. and Bloemen, S. and Bock, O. and Bodiya, T. P. and Boer, M. and Bogaert, G. and Bogan, C. and Bohe, A. and Bojtos, P. and Bond, C. and Bondu, F. and Bonnand, R. and Boom, B. A. and Bork, R. and Boschi, V. and Bose, S. and Bouffanais, Y. and Bozzi, A. and Bradaschia, C. and Brady, P. R. and Braginsky, V. B. and Branchesi, M. and Brau, J. E. and Briant, T. and Brillet, A. and Brinkmann, M. and Brisson, V. and Brockill, P. and Brooks, A. F. and Brown, D. A. and Brown, D. D. and Brown, N. M. and Buchanan, C. C. and Buikema, A. and Bulik, T. and Bulten, H. J. and Buonanno, A. and Buskulic, D. and Buy, C. and Byer, R. L. and Cabero, M. and Cadonati, L. and Cagnoli, G. and Cahillane, C. and Bustillo, J. Calderón and Callister, T. and Calloni, E. and Camp, J. B. and Cannon, K. C. and Cao, J. and Capano, C. D. and Capocasa, E. and Carbognani, F. and Caride, S. and Diaz, J. Casanueva and Casentini, C. and Caudill, S. and Cavaglià, M. and Cavalier, F. and Cavalieri, R. and Cella, G. and Cepeda, C. B. and Baiardi, L. Cerboni and Cerretani, G. and Cesarini, E. and Chakraborty, R. and Chalermsongsak, T. and Chamberlin, S. J. and Chan, M. and Chao, S. and Charlton, P. and Chassande-Mottin, E. and Chen, H. Y. and Chen, Y. and Cheng, C. and Chincarini, A. and Chiummo, A. and Cho, H. S. and Cho, M. and Chow, J. H. and Christensen, N. and Chu, Q. and Chua, S. and Chung, S. and Ciani, G. and Clara, F. and Clark, J. A. and Cleva, F. and Coccia, E. and Cohadon, P.-F. and Colla, A. and Collette, C. G. and Cominsky, L. and Constancio, M. and Conte, A. and Conti, L. and Cook, D. and Corbitt, T. R. and Cornish, N. and Corsi, A. and Cortese, S. and Costa, C. A. and Coughlin, M. W. and Coughlin, S. B. and Coulon, J.-P. and Countryman, S. T. and Couvares, P. and Cowan, E. E. and Coward, D. M. and Cowart, M. J. and Coyne, D. C. and Coyne, R. and Craig, K. and Creighton, J. D. E. and Creighton, T. D. and Cripe, J. and Crowder, S. G. and Cruise, A. M. and Cumming, A. and Cunningham, L. and Cuoco, E. and Canton, T. Dal and Danilishin, S. L. and D’Antonio, S. and Danzmann, K. and Darman, N. S. and Da Silva Costa, C. F. and Dattilo, V. and Dave, I. and Daveloza, H. P. and Davier, M. and Davies, G. S. and Daw, E. J. and Day, R. and De, S. and DeBra, D. and Debreczeni, G. and Degallaix, J. and De Laurentis, M. and Deléglise, S. and Del Pozzo, W. and Denker, T. and Dent, T. and Dereli, H. and Dergachev, V. and DeRosa, R. T. and De Rosa, R. and DeSalvo, R. and Dhurandhar, S. and Díaz, M. C. and Di Fiore, L. and Di Giovanni, M. and Di Lieto, A. and Di Pace, S. and Di Palma, I. and Di Virgilio, A. and Dojcinoski, G. and Dolique, V. and Donovan, F. and Dooley, K. L. and Doravari, S. and Douglas, R. and Downes, T. P. and Drago, M. and Drever, R. W. P. and Driggers, J. C. and Du, Z. and Ducrot, M. and Dwyer, S. E. and Edo, T. B. and Edwards, M. C. and Effler, A. and Eggenstein, H.-B. and Ehrens, P. and Eichholz, J. and Eikenberry, S. S. and Engels, W. and Essick, R. C. and Etzel, T. and Evans, M. and Evans, T. M. and Everett, R. and Factourovich, M. and Fafone, V. and Fair, H. and Fairhurst, S. and Fan, X. and Fang, Q. and Farinon, S. and Farr, B. and Farr, W. M. and Favata, M. and Fays, M. and Fehrmann, H. and Fejer, M. M. and Feldbaum, D. and Ferrante, I. and Ferreira, E. C. and Ferrini, F. and Fidecaro, F. and Finn, L. S. and Fiori, I. and Fiorucci, D. and Fisher, R. P. and Flaminio, R. and Fletcher, M. and Fong, H. and Fournier, J.-D. and Franco, S. and Frasca, S. and Frasconi, F. and Frede, M. and Frei, Z. and Freise, A. and Frey, R. and Frey, V. and Fricke, T. T. and Fritschel, P. and Frolov, V. V. and Fulda, P. and Fyffe, M. and Gabbard, H. A. G. and Gair, J. R. and Gammaitoni, L. and Gaonkar, S. G. and Garufi, F. and Gatto, A. and Gaur, G. and Gehrels, N. and Gemme, G. and Gendre, B. and Genin, E. and Gennai, A. and George, J. and Gergely, L. and Germain, V. and Ghosh, Abhirup and Ghosh, Archisman and Ghosh, S. and Giaime, J. A. and Giardina, K. D. and Giazotto, A. and Gill, K. and Glaefke, A. and Gleason, J. R. and Goetz, E. and Goetz, R. and Gondan, L. and González, G. and Castro, J. M. Gonzalez and Gopakumar, A. and Gordon, N. A. and Gorodetsky, M. L. and Gossan, S. E. and Gosselin, M. and Gouaty, R. and Graef, C. and Graff, P. B. and Granata, M. and Grant, A. and Gras, S. and Gray, C. and Greco, G. and Green, A. C. and Greenhalgh, R. J. S. and Groot, P. and Grote, H. and Grunewald, S. and Guidi, G. M. and Guo, X. and Gupta, A. and Gupta, M. K. and Gushwa, K. E. and Gustafson, E. K. and Gustafson, R. and Hacker, J. J. and Hall, B. R. and Hall, E. D. and Hammond, G. and Haney, M. and Hanke, M. M. and Hanks, J. and Hanna, C. and Hannam, M. D. and Hanson, J. and Hardwick, T. and Harms, J. and Harry, G. M. and Harry, I. W. and Hart, M. J. and Hartman, M. T. and Haster, C.-J. and Haughian, K. and Healy, J. and Heefner, J. and Heidmann, A. and Heintze, M. C. and Heinzel, G. and Heitmann, H. and Hello, P. and Hemming, G. and Hendry, M. and Heng, I. S. and Hennig, J. and Heptonstall, A. W. and Heurs, M. and Hild, S. and Hoak, D. and Hodge, K. A. and Hofman, D. and Hollitt, S. E. and Holt, K. and Holz, D. E. and Hopkins, P. and Hosken, D. J. and Hough, J. and Houston, E. A. and Howell, E. J. and Hu, Y. M. and Huang, S. and Huerta, E. A. and Huet, D. and Hughey, B. and Husa, S. and Huttner, S. H. and Huynh-Dinh, T. and Idrisy, A. and Indik, N. and Ingram, D. R. and Inta, R. and Isa, H. N. and Isac, J.-M. and Isi, M. and Islas, G. and Isogai, T. and Iyer, B. R. and Izumi, K. and Jacobson, M. B. and Jacqmin, T. and Jang, H. and Jani, K. and Jaranowski, P. and Jawahar, S. and Jiménez-Forteza, F. and Johnson, W. W. and Johnson-McDaniel, N. K. and Jones, D. I. and Jones, R. and Jonker, R. J. G. and Ju, L. and Haris, K. and Kalaghatgi, C. V. and Kalogera, V. and Kandhasamy, S. and Kang, G. and Kanner, J. B. and Karki, S. and Kasprzack, M. and Katsavounidis, E. and Katzman, W. and Kaufer, S. and Kaur, T. and Kawabe, K. and Kawazoe, F. and Kéfélian, F. and Kehl, M. S. and Keitel, D. and Kelley, D. B. and Kells, W. and Kennedy, R. and Keppel, D. G. and Key, J. S. and Khalaidovski, A. and Khalili, F. Y. and Khan, I. and Khan, S. and Khan, Z. and Khazanov, E. A. and Kijbunchoo, N. and Kim, C. and Kim, J. and Kim, K. and Kim, Nam-Gyu and Kim, Namjun and Kim, Y.-M. and King, E. J. and King, P. J. and Kinzel, D. L. and Kissel, J. S. and Kleybolte, L. and Klimenko, S. and Koehlenbeck, S. M. and Kokeyama, K. and Koley, S. and Kondrashov, V. and Kontos, A. and Koranda, S. and Korobko, M. and Korth, W. Z. and Kowalska, I. and Kozak, D. B. and Kringel, V. and Krishnan, B. and Królak, A. and Krueger, C. and Kuehn, G. and Kumar, P. and Kumar, R. and Kuo, L. and Kutynia, A. and Kwee, P. and Lackey, B. D. and Landry, M. and Lange, J. and Lantz, B. and Lasky, P. D. and Lazzarini, A. and Lazzaro, C. and Leaci, P. and Leavey, S. and Lebigot, E. O. and Lee, C. H. and Lee, H. K. and Lee, H. M. and Lee, K. and Lenon, A. and Leonardi, M. and Leong, J. R. and Leroy, N. and Letendre, N. and Levin, Y. and Levine, B. M. and Li, T. G. F. and Libson, A. and Littenberg, T. B. and Lockerbie, N. A. and Logue, J. and Lombardi, A. L. and London, L. T. and Lord, J. E. and Lorenzini, M. and Loriette, V. and Lormand, M. and Losurdo, G. and Lough, J. D. and Lousto, C. O. and Lovelace, G. and Lück, H. and Lundgren, A. P. and Luo, J. and Lynch, R. and Ma, Y. and MacDonald, T. and Machenschalk, B. and MacInnis, M. and Macleod, D. M. and Magaña-Sandoval, F. and Magee, R. M. and Mageswaran, M. and Majorana, E. and Maksimovic, I. and Malvezzi, V. and Man, N. and Mandel, I. and Mandic, V. and Mangano, V. and Mansell, G. L. and Manske, M. and Mantovani, M. and Marchesoni, F. and Marion, F. and Márka, S. and Márka, Z. and Markosyan, A. S. and Maros, E. and Martelli, F. and Martellini, L. and Martin, I. W. and Martin, R. M. and Martynov, D. V. and Marx, J. N. and Mason, K. and Masserot, A. and Massinger, T. J. and Masso-Reid, M. and Matichard, F. and Matone, L. and Mavalvala, N. and Mazumder, N. and Mazzolo, G. and McCarthy, R. and McClelland, D. E. and McCormick, S. and McGuire, S. C. and McIntyre, G. and McIver, J. and McManus, D. J. and McWilliams, S. T. and Meacher, D. and Meadors, G. D. and Meidam, J. and Melatos, A. and Mendell, G. and Mendoza-Gandara, D. and Mercer, R. A. and Merilh, E. and Merzougui, M. and Meshkov, S. and Messenger, C. and Messick, C. and Meyers, P. M. and Mezzani, F. and Miao, H. and Michel, C. and Middleton, H. and Mikhailov, E. E. and Milano, L. and Miller, J. and Millhouse, M. and Minenkov, Y. and Ming, J. and Mirshekari, S. and Mishra, C. and Mitra, S. and Mitrofanov, V. P. and Mitselmakher, G. and Mittleman, R. and Moggi, A. and Mohan, M. and Mohapatra, S. R. P. and Montani, M. and Moore, B. C. and Moore, C. J. and Moraru, D. and Moreno, G. and Morriss, S. R. and Mossavi, K. and Mours, B. and Mow-Lowry, C. M. and Mueller, C. L. and Mueller, G. and Muir, A. W. and Mukherjee, Arunava and Mukherjee, D. and Mukherjee, S. and Mukund, N. and Mullavey, A. and Munch, J. and Murphy, D. J. and Murray, P. G. and Mytidis, A. and Nardecchia, I. and Naticchioni, L. and Nayak, R. K. and Necula, V. and Nedkova, K. and Nelemans, G. and Neri, M. and Neunzert, A. and Newton, G. and Nguyen, T. T. and Nielsen, A. B. and Nissanke, S. and Nitz, A. and Nocera, F. and Nolting, D. and Normandin, M. E. N. and Nuttall, L. K. and Oberling, J. and Ochsner, E. and O’Dell, J. and Oelker, E. and Ogin, G. H. and Oh, J. J. and Oh, S. H. and Ohme, F. and Oliver, M. and Oppermann, P. and Oram, Richard J. and O’Reilly, B. and O’Shaughnessy, R. and Ott, C. D. and Ottaway, D. J. and Ottens, R. S. and Overmier, H. and Owen, B. J. and Pai, A. and Pai, S. A. and Palamos, J. R. and Palashov, O. and Palomba, C. and Pal-Singh, A. and Pan, H. and Pan, Y. and Pankow, C. and Pannarale, F. and Pant, B. C. and Paoletti, F. and Paoli, A. and Papa, M. A. and Paris, H. R. and Parker, W. and Pascucci, D. and Pasqualetti, A. and Passaquieti, R. and Passuello, D. and Patricelli, B. and Patrick, Z. and Pearlstone, B. L. and Pedraza, M. and Pedurand, R. and Pekowsky, L. and Pele, A. and Penn, S. and Perreca, A. and Pfeiffer, H. P. and Phelps, M. and Piccinni, O. and Pichot, M. and Pickenpack, M. and Piergiovanni, F. and Pierro, V. and Pillant, G. and Pinard, L. and Pinto, I. M. and Pitkin, M. and Poeld, J. H. and Poggiani, R. and Popolizio, P. and Post, A. and Powell, J. and Prasad, J. and Predoi, V. and Premachandra, S. S. and Prestegard, T. and Price, L. R. and Prijatelj, M. and Principe, M. and Privitera, S. and Prix, R. and Prodi, G. A. and Prokhorov, L. and Puncken, O. and Punturo, M. and Puppo, P. and Pürrer, M. and Qi, H. and Qin, J. and Quetschke, V. and Quintero, E. A. and Quitzow-James, R. and Raab, F. J. and Rabeling, D. S. and Radkins, H. and Raffai, P. and Raja, S. and Rakhmanov, M. and Ramet, C. R. and Rapagnani, P. and Raymond, V. and Razzano, M. and Re, V. and Read, J. and Reed, C. M. and Regimbau, T. and Rei, L. and Reid, S. and Reitze, D. H. and Rew, H. and Reyes, S. D. and Ricci, F. and Riles, K. and Robertson, N. A. and Robie, R. and Robinet, F. and Rocchi, A. and Rolland, L. and Rollins, J. G. and Roma, V. J. and Romano, J. D. and Romano, R. and Romanov, G. and Romie, J. H. and Rosińska, D. and Rowan, S. and Rüdiger, A. and Ruggi, P. and Ryan, K. and Sachdev, S. and Sadecki, T. and Sadeghian, L. and Salconi, L. and Saleem, M. and Salemi, F. and Samajdar, A. and Sammut, L. and Sampson, L. M. and Sanchez, E. J. and Sandberg, V. and Sandeen, B. and Sanders, G. H. and Sanders, J. R. and Sassolas, B. and Sathyaprakash, B. S. and Saulson, P. R. and Sauter, O. and Savage, R. L. and Sawadsky, A. and Schale, P. and Schilling, R. and Schmidt, J. and Schmidt, P. and Schnabel, R. and Schofield, R. M. S. and Schönbeck, A. and Schreiber, E. and Schuette, D. and Schutz, B. F. and Scott, J. and Scott, S. M. and Sellers, D. and Sengupta, A. S. and Sentenac, D. and Sequino, V. and Sergeev, A. and Serna, G. and Setyawati, Y. and Sevigny, A. and Shaddock, D. A. and Shaffer, T. and Shah, S. and Shahriar, M. S. and Shaltev, M. and Shao, Z. and Shapiro, B. and Shawhan, P. and Sheperd, A. and Shoemaker, D. H. and Shoemaker, D. M. and Siellez, K. and Siemens, X. and Sigg, D. and Silva, A. D. and Simakov, D. and Singer, A. and Singer, L. P. and Singh, A. and Singh, R. and Singhal, A. and Sintes, A. M. and Slagmolen, B. J. J. and Smith, J. R. and Smith, M. R. and Smith, N. D. and Smith, R. J. E. and Son, E. J. and Sorazu, B. and Sorrentino, F. and Souradeep, T. and Srivastava, A. K. and Staley, A. and Steinke, M. and Steinlechner, J. and Steinlechner, S. and Steinmeyer, D. and Stephens, B. C. and Stevenson, S. P. and Stone, R. and Strain, K. A. and Straniero, N. and Stratta, G. and Strauss, N. A. and Strigin, S. and Sturani, R. and Stuver, A. L. and Summerscales, T. Z. and Sun, L. and Sutton, P. J. and Swinkels, B. L. and Szczepańczyk, M. J. and Tacca, M. and Talukder, D. and Tanner, D. B. and Tápai, M. and Tarabrin, S. P. and Taracchini, A. and Taylor, R. and Theeg, T. and Thirugnanasambandam, M. P. and Thomas, E. G. and Thomas, M. and Thomas, P. and Thorne, K. A. and Thorne, K. S. and Thrane, E. and Tiwari, S. and Tiwari, V. and Tokmakov, K. V. and Tomlinson, C. and Tonelli, M. and Torres, C. V. and Torrie, C. I. and Töyrä, D. and Travasso, F. and Traylor, G. and Trifirò, D. and Tringali, M. C. and Trozzo, L. and Tse, M. and Turconi, M. and Tuyenbayev, D. and Ugolini, D. and Unnikrishnan, C. S. and Urban, A. L. and Usman, S. A. and Vahlbruch, H. and Vajente, G. and Valdes, G. and Vallisneri, M. and van Bakel, N. and van Beuzekom, M. and van den Brand, J. F. J. and Van Den Broeck, C. and Vander-Hyde, D. C. and van der Schaaf, L. and van Heijningen, J. V. and van Veggel, A. A. and Vardaro, M. and Vass, S. and Vasúth, M. and Vaulin, R. and Vecchio, A. and Vedovato, G. and Veitch, J. and Veitch, P. J. and Venkateswara, K. and Verkindt, D. and Vetrano, F. and Viceré, A. and Vinciguerra, S. and Vine, D. J. and Vinet, J.-Y. and Vitale, S. and Vo, T. and Vocca, H. and Vorvick, C. and Voss, D. and Vousden, W. D. and Vyatchanin, S. P. and Wade, A. R. and Wade, L. E. and Wade, M. and Waldman, S. J. and Walker, M. and Wallace, L. and Walsh, S. and Wang, G. and Wang, H. and Wang, M. and Wang, X. and Wang, Y. and Ward, H. and Ward, R. L. and Warner, J. and Was, M. and Weaver, B. and Wei, L.-W. and Weinert, M. and Weinstein, A. J. and Weiss, R. and Welborn, T. and Wen, L. and Weßels, P. and Westphal, T. and Wette, K. and Whelan, J. T. and Whitcomb, S. E. and White, D. J. and Whiting, B. F. and Wiesner, K. and Wilkinson, C. and Willems, P. A. and Williams, L. and Williams, R. D. and Williamson, A. R. and Willis, J. L. and Willke, B. and Wimmer, M. H. and Winkelmann, L. and Winkler, W. and Wipf, C. C. and Wiseman, A. G. and Wittel, H. and Woan, G. and Worden, J. and Wright, J. L. and Wu, G. and Yablon, J. and Yakushin, I. and Yam, W. and Yamamoto, H. and Yancey, C. C. and Yap, M. J. and Yu, H. and Yvert, M. and Zadrożny, A. and Zangrando, L. and Zanolin, M. and Zendri, J.-P. and Zevin, M. and Zhang, F. and Zhang, L. and Zhang, M. and Zhang, Y. and Zhao, C. and Zhou, M. and Zhou, Z. and Zhu, X. J. and Zucker, M. E. and Zuraw, S. E. and Zweizig, J. and {LIGO Scientific Collaboration and Virgo Collaboration}},
  date = {2016-02-11},
  journaltitle = {Physical Review Letters},
  shortjournal = {Phys. Rev. Lett.},
  volume = {116},
  pages = {061102},
  issn = {0031-9007, 1079-7114},
  doi = {10.1103/PhysRevLett.116.061102},
  url = {https://link.aps.org/doi/10.1103/PhysRevLett.116.061102},
  urldate = {2021-04-04},
  langid = {english},
  number = {6},
  options = {useprefix=true}
}

@article{abediEchoesAbyssHighly2019,
  title = {Echoes from the {{Abyss}}: {{A}} Highly Spinning Black Hole Remnant for the Binary Neutron Star Merger {{GW170817}}},
  shorttitle = {Echoes from the {{Abyss}}},
  author = {Abedi, Jahed and Afshordi, Niayesh},
  date = {2019-11-13},
  journaltitle = {Journal of Cosmology and Astroparticle Physics},
  shortjournal = {J. Cosmol. Astropart. Phys.},
  volume = {2019},
  pages = {010--010},
  issn = {1475-7516},
  doi = {10.1088/1475-7516/2019/11/010},
  url = {http://arxiv.org/abs/1803.10454},
  urldate = {2020-04-10},
  abstract = {The first direct observation of a binary neutron star (BNS) merger was a watershed moment in multi-messenger astronomy. However, gravitational waves from GW170817 have only been observed prior to the BNS merger, but electromagnetic observations all follow the merger event. While post-merger gravitational wave signal in general relativity is too faint (given current detector sensitivities), here we present the first tentative detection of post-merger gravitational wave "echoes" from a highly spinning "black hole" remnant. The echoes may be expected in different models of quantum black holes that replace event horizons by exotic Planck-scale structure and tentative evidence for them has been found in binary black hole merger events. The fact that the echo frequency is suppressed by \$\textbackslash log M\$ (in Planck units) puts it squarely in the LIGO sensitivity window, allowing us to build an optimal model-agnostic search strategy via cross-correlating the two detectors in frequency/time. We find a tentative detection of echoes at \$f\_\{\textbackslash rm echo\} \textbackslash simeq 72\$ Hz, around 1.0 sec after the BNS merger, consistent with a 2.6-2.7 \$M\_\textbackslash odot\$ "black hole" remnant with dimensionless spin \$0.84-0.87\$. Accounting for all the "look-elsewhere" effects, we find a significance of \$4.2 \textbackslash sigma\$, or a false alarm probability of \$1.6\textbackslash times 10\^\{-5\}\$, i.e. a similar cross-correlation within the expected frequency/time window after the merger cannot be found more than 4 times in 3 days. If confirmed, this finding will have significant consequences for both physics of quantum black holes and astrophysics of binary neutron star mergers [Note added: This result is independently confirmed by arXiv:1901.04138, who use the electromagnetic observations to infer \$t\_\{\textbackslash rm coll\}=0.98\^\{+0.31\}\_\{-0.26\}\$ sec for black hole formation].},
  archiveprefix = {arXiv},
  eprint = {1803.10454},
  eprinttype = {arxiv},
  file = {/home/jacopo/zotero/storage/B3D2RVZL/Abedi and Afshordi - 2019 - Echoes from the Abyss A highly spinning black hol.pdf;/home/jacopo/zotero/storage/U2WAY2AX/1803.html},
  keywords = {Astrophysics - High Energy Astrophysical Phenomena,General Relativity and Quantum Cosmology,High Energy Physics - Theory},
  number = {11}
}

@online{abediEchoesAbyssStatus2020,
  title = {Echoes from the {{Abyss}}: {{A Status Update}}},
  shorttitle = {Echoes from the {{Abyss}}},
  author = {Abedi, Jahed and Afshordi, Niayesh},
  date = {2020-01-03},
  url = {http://arxiv.org/abs/2001.00821},
  urldate = {2020-04-08},
  abstract = {Gravitational wave echoes provide our most direct and surprising observational window into quantum nature of black holes. Three years ago, the first search for echoes from Planck-scale modifications of general relativity near black hole event horizons led to tentative evidence at false detection probability of 1\textbackslash\% arXiv:1612.00266 . The study introduced a naive phenomenological model and used the public data release by the Advanced LIGO gravitational wave observatory for the first observing run O1 (GW150914, GW151226, and LVT151012, now GW151012). Here, we provide a status update on various observational searches for echoes by independent groups, and argue that they can all be consistent if echoes are most prominent at lower frequencies and/or in binary mergers of more extreme mass ratio. We also point out that the only reported "detection" of echoes (with \${$>$}4\textbackslash sigma\$ confidence) at 1.0 second after the binary neutron star merger GW170817 arXiv:1803.10454 is coincident with the formation time of the black hole inferred from electromagnetic observations.},
  archiveprefix = {arXiv},
  eprint = {2001.00821},
  eprinttype = {arxiv},
  file = {/home/jacopo/zotero/storage/IRXQVPDP/Abedi and Afshordi - 2020 - Echoes from the Abyss A Status Update.pdf;/home/jacopo/zotero/storage/R2GUFL4C/2001.html},
  keywords = {Astrophysics - Cosmology and Nongalactic Astrophysics,Astrophysics - High Energy Astrophysical Phenomena,General Relativity and Quantum Cosmology},
  primaryclass = {astro-ph, physics:gr-qc}
}

@article{abediEchoesAbyssTentative2017,
  title = {Echoes from the {{Abyss}}: {{Tentative}} Evidence for {{Planck}}-Scale Structure at Black Hole Horizons},
  shorttitle = {Echoes from the {{Abyss}}},
  author = {Abedi, Jahed and Dykaar, Hannah and Afshordi, Niayesh},
  date = {2017-10-26},
  journaltitle = {Physical Review D},
  shortjournal = {Phys. Rev. D},
  volume = {96},
  pages = {082004},
  issn = {2470-0010, 2470-0029},
  doi = {10.1103/PhysRevD.96.082004},
  url = {http://arxiv.org/abs/1612.00266},
  urldate = {2020-04-08},
  abstract = {In classical General Relativity (GR), an observer falling into an astrophysical black hole is not expected to experience anything dramatic as she crosses the event horizon. However, tentative resolutions to problems in quantum gravity, such as the cosmological constant problem, or the black hole information paradox, invoke significant departures from classicality in the vicinity of the horizon. It was recently pointed out that such near-horizon structures can lead to late-time echoes in the black hole merger gravitational wave signals that are otherwise indistinguishable from GR. We search for observational signatures of these echoes in the gravitational wave data released by advanced Laser Interferometer Gravitational-Wave Observatory (LIGO), following the three black hole merger events GW150914, GW151226, and LVT151012. In particular, we look for repeating damped echoes with time-delays of \$8 M \textbackslash log M\$ (+spin corrections, in Planck units), corresponding to Planck-scale departures from GR near their respective horizons. Accounting for the "look elsewhere" effect due to uncertainty in the echo template, we find tentative evidence for Planck-scale structure near black hole horizons at false detection probability of \$1\textbackslash\%\$ (corresponding to \$2.5\textbackslash sigma\$ significance level). Future observations from interferometric detectors at higher sensitivity, along with more physical echo templates, will be able to confirm (or rule out) this finding, providing possible empirical evidence for alternatives to classical black holes, such as in \$\{\textbackslash it firewall\}\$ or \$\{\textbackslash it fuzzball\}\$ paradigms.},
  archiveprefix = {arXiv},
  eprint = {1612.00266},
  eprinttype = {arxiv},
  file = {/home/jacopo/zotero/storage/PPTD3BFI/Abedi et al. - 2017 - Echoes from the Abyss Tentative evidence for Plan.pdf;/home/jacopo/zotero/storage/GBUPYWVA/1612.html},
  keywords = {Astrophysics - High Energy Astrophysical Phenomena,General Relativity and Quantum Cosmology,High Energy Physics - Theory},
  number = {8}
}

@article{allenDetectionAnisotropiesGravitationalWave1997,
  title = {Detection of {{Anisotropies}} in the {{Gravitational}}-{{Wave Stochastic Background}}},
  author = {Allen, Bruce and Ottewill, Adrian C.},
  date = {1997-07-15},
  journaltitle = {Physical Review D},
  shortjournal = {Phys. Rev. D},
  volume = {56},
  pages = {545--563},
  issn = {0556-2821, 1089-4918},
  doi = {10.1103/PhysRevD.56.545},
  url = {http://arxiv.org/abs/gr-qc/9607068},
  urldate = {2020-03-15},
  abstract = {By correlating the signals from a pair of gravitational-wave detectors, one can undertake sensitive searches for a stochastic background of gravitational radiation. If the stochastic background is anisotropic, then this correlated signal varies harmonically with the earth's rotation. We calculate how the harmonics of this varying signal are related to the multipole moments which characterize the anisotropy, and give a formula for the signal-to-noise ratio of a given harmonic. The specific case of the two LIGO (Laser Interferometric Gravitational Observatory) detectors, which will begin operation around the year 2000, is analyzed in detail. We consider two possible examples of anisotropy. If the gravitational-wave stochastic background contains a dipole intensity anisotropy whose origin (like that of the Cosmic Background Radiation) is motion of our local system, then that anisotropy will be observable by the advanced LIGO detector (with 90\% confidence in one year of observation) if \textbackslash Omega\_\{gw\} {$>$} 5.3 \textbackslash times 10\^\{-8\} h\_\{100\}\^\{-2\}. We also study the signal produced by stochastic sources distributed in the same way as the luminous matter in the galactic disk, and in the same way as the galactic halo. The anisotropy due to sources distributed as the galactic disk or as the galactic halo will be observable by the advanced LIGO detector (with 90\% confidence in one year of observation) if \textbackslash Omega\_\{gw\} {$>$} 1.8 \textbackslash times 10\^\{-10\} h\_\{100\}\^\{-2\} or \textbackslash Omega\_\{gw\} {$>$} 6.7 \textbackslash times 10\^\{-8\} h\_\{100\}\^\{-2\}, respectively.},
  archiveprefix = {arXiv},
  eprint = {gr-qc/9607068},
  eprinttype = {arxiv},
  file = {/home/jacopo/zotero/storage/R53PK8P9/Allen and Ottewill - 1997 - Detection of Anisotropies in the Gravitational-Wav.pdf;/home/jacopo/zotero/storage/ILGACA3P/9607068.html},
  keywords = {General Relativity and Quantum Cosmology},
  number = {2},
  version = {2}
}

@article{almheiriBlackHolesComplementarity2013,
  title = {Black {{Holes}}: {{Complementarity}} or {{Firewalls}}?},
  shorttitle = {Black {{Holes}}},
  author = {Almheiri, Ahmed and Marolf, Donald and Polchinski, Joseph and Sully, James},
  date = {2013-02},
  journaltitle = {Journal of High Energy Physics},
  shortjournal = {J. High Energ. Phys.},
  volume = {2013},
  pages = {62},
  issn = {1029-8479},
  doi = {10.1007/JHEP02(2013)062},
  url = {http://arxiv.org/abs/1207.3123},
  urldate = {2020-04-21},
  abstract = {We argue that the following three statements cannot all be true: (i) Hawking radiation is in a pure state, (ii) the information carried by the radiation is emitted from the region near the horizon, with low energy effective field theory valid beyond some microscopic distance from the horizon, and (iii) the infalling observer encounters nothing unusual at the horizon. Perhaps the most conservative resolution is that the infalling observer burns up at the horizon. Alternatives would seem to require novel dynamics that nevertheless cause notable violations of semiclassical physics at macroscopic distances from the horizon.},
  archiveprefix = {arXiv},
  eprint = {1207.3123},
  eprinttype = {arxiv},
  file = {/home/jacopo/zotero/storage/AMPF79RG/Almheiri et al. - 2013 - Black Holes Complementarity or Firewalls.pdf;/home/jacopo/zotero/storage/KSZP22UE/1207.html},
  keywords = {General Relativity and Quantum Cosmology,High Energy Physics - Theory},
  number = {2}
}

@article{AnalyticRepresentationQuasinormal1985,
  title = {An Analytic Representation for the Quasi-Normal Modes of {{Kerr}} Black Holes},
  date = {1985-12-09},
  journaltitle = {Proceedings of the Royal Society of London. A. Mathematical and Physical Sciences},
  shortjournal = {Proc. R. Soc. Lond. A},
  volume = {402},
  pages = {285--298},
  issn = {0080-4630},
  doi = {10.1098/rspa.1985.0119},
  url = {https://royalsocietypublishing.org/doi/10.1098/rspa.1985.0119},
  urldate = {2021-04-04},
  abstract = {The gravitational quasi-normal frequencies of both stationary and rotating black holes are calculated by constructing exact eigensolutions to the radiative boundary-value problem of Chandrasekhar and Detweiler. The method is that employed by Jaffé in his determination of the electronic spectra of the hydrogen molecule ion in 1934, and analytic representations of the quasi-normal mode wavefunctions are presented here for the first time. Numerical solution of Jaffé’s characteristic equation indicates that for each               l               -pole there is an infinite number of damped Schwarzschild quasi-normal modes. The real parts of the corresponding frequencies are bounded, but the imaginary parts are not. Figures are presented that illustrate the trajectories the five least-damped of these frequencies trace in the complex frequency plane as the angular momentum of the black hole increases from zero to near the Kerr limit of maximum angular momentum per unit mass,               a               =               M               , where there is a coalescence of the more highly damped frequencies to the purely real value of the critical frequency for superradiant scattering.},
  langid = {english},
  number = {1823}
}

@article{bailesGravitationalwavePhysicsAstronomy2021,
  title = {Gravitational-Wave Physics and Astronomy in the 2020s and 2030s},
  author = {Bailes, M. and Berger, B. K. and Brady, P. R. and Branchesi, M. and Danzmann, K. and Evans, M. and Holley-Bockelmann, K. and Iyer, B. R. and Kajita, T. and Katsanevas, S. and Kramer, M. and Lazzarini, A. and Lehner, L. and Losurdo, G. and Lück, H. and McClelland, D. E. and McLaughlin, M. A. and Punturo, M. and Ransom, S. and Raychaudhury, S. and Reitze, D. H. and Ricci, F. and Rowan, S. and Saito, Y. and Sanders, G. H. and Sathyaprakash, B. S. and Schutz, B. F. and Sesana, A. and Shinkai, H. and Siemens, X. and Shoemaker, D. H. and Thorpe, J. and van den Brand, J. F. J. and Vitale, S.},
  date = {2021-04-14},
  journaltitle = {Nature Reviews Physics},
  pages = {1--23},
  publisher = {{Nature Publishing Group}},
  issn = {2522-5820},
  doi = {10.1038/s42254-021-00303-8},
  url = {https://www.nature.com/articles/s42254-021-00303-8},
  urldate = {2021-04-16},
  abstract = {The 100 years since the publication of Albert Einstein’s theory of general relativity saw significant development of the understanding of the theory, the identification of potential astrophysical sources of sufficiently strong gravitational waves and development of key technologies for gravitational-wave detectors. In 2015, the first gravitational-wave signals were detected by the two US Advanced LIGO instruments. In 2017, Advanced LIGO and the European Advanced Virgo detectors pinpointed a binary neutron star coalescence that was also seen across the electromagnetic spectrum. The field of gravitational-wave astronomy is just starting, and this Roadmap of future developments surveys the potential for growth in bandwidth and sensitivity of future gravitational-wave detectors, and discusses the science results anticipated to come from upcoming instruments.},
  file = {/home/jacopo/zotero/storage/72F8EU4U/Bailes et al_2021_Gravitational-wave physics and astronomy in the 2020s and 2030s.pdf;/home/jacopo/zotero/storage/7MQDIAC4/s42254-021-00303-8.html},
  keywords = {To read},
  langid = {english},
  options = {useprefix=true}
}

@online{BangLIGOVirgo,
  title = {A “Bang” in {{LIGO}} and {{Virgo}} Detectors Signals Most Massive Gravitational-Wave Source Yet},
  url = {https://www.ligo.caltech.edu/news/ligo20200902},
  urldate = {2020-09-02},
  abstract = {GW190521, a binary black hole merger likely produced gravitational waves equal to the energy of eight suns.},
  file = {/home/jacopo/zotero/storage/VBRR5UBP/ligo20200902.html},
  organization = {{LIGO Lab | Caltech}}
}

@article{barackBlackHolesGravitational2019,
  title = {Black Holes, Gravitational Waves and Fundamental Physics: A Roadmap},
  shorttitle = {Black Holes, Gravitational Waves and Fundamental Physics},
  author = {Barack, Leor and Cardoso, Vitor and Nissanke, Samaya and Sotiriou, Thomas P. and Askar, Abbas and Belczynski, Krzysztof and Bertone, Gianfranco and Bon, Edi and Blas, Diego and Brito, Richard and Bulik, Tomasz and Burrage, Clare and Byrnes, Christian T. and Caprini, Chiara and Chernyakova, Masha and Chrusciel, Piotr and Colpi, Monica and Ferrari, Valeria and Gaggero, Daniele and Gair, Jonathan and Garcia-Bellido, Juan and Hassan, S. F. and Heisenberg, Lavinia and Hendry, Martin and Heng, Ik Siong and Herdeiro, Carlos and Hinderer, Tanja and Horesh, Assaf and Kavanagh, Bradley J. and Kocsis, Bence and Kramer, Michael and Tiec, Alexandre Le and Mingarelli, Chiara and Nardini, Germano and Nelemans, Gijs and Palenzuela, Carlos and Pani, Paolo and Perego, Albino and Porter, Edward K. and Rossi, Elena M. and Schmidt, Patricia and Sesana, Alberto and Sperhake, Ulrich and Stamerra, Antonio and Stein, Leo C. and Tamanini, Nicola and Tauris, Thomas M. and Urena-Lopez, L. Arturo and Vincent, Frederic and Volonteri, Marta and Wardell, Barry and Wex, Norbert and Yagi, Kent and Abdelsalhin, Tiziano and Aloy, Miguel Angel and Amaro-Seoane, Pau and Annulli, Lorenzo and Arca-Sedda, Manuel and Bah, Ibrahima and Barausse, Enrico and Barakovic, Elvis and Benkel, Robert and Bennett, Charles L. and Bernard, Laura and Bernuzzi, Sebastiano and Berry, Christopher P. L. and Berti, Emanuele and Bezares, Miguel and Blanco-Pillado, Jose Juan and Blazquez-Salcedo, Jose Luis and Bonetti, Matteo and Boskovic, Mateja and Bosnjak, Zeljka and Bricman, Katja and Bruegmann, Bernd and Capelo, Pedro R. and Carloni, Sante and Cerda-Duran, Pablo and Charmousis, Christos and Chaty, Sylvain and Clerici, Aurora and Coates, Andrew and Colleoni, Marta and Collodel, Lucas G. and Compere, Geoffrey and Cook, William and Cordero-Carrion, Isabel and Correia, Miguel and de la Cruz-Dombriz, Alvaro and Czinner, Viktor G. and Destounis, Kyriakos and Dialektopoulos, Kostas and Doneva, Daniela and Dotti, Massimo and Drew, Amelia and Eckner, Christopher and Edholm, James and Emparan, Roberto and Erdem, Recai and Ferreira, Miguel and Ferreira, Pedro G. and Finch, Andrew and Font, Jose A. and Franchini, Nicola and Fransen, Kwinten and Gal'tsov, Dmitry and Ganguly, Apratim and Gerosa, Davide and Glampedakis, Kostas and Gomboc, Andreja and Goobar, Ariel and Gualtieri, Leonardo and Guendelman, Eduardo and Haardt, Francesco and Harmark, Troels and Hejda, Filip and Hertog, Thomas and Hopper, Seth and Husa, Sascha and Ihanec, Nada and Ikeda, Taishi and Jaodand, Amruta and Jimenez-Forteza, Philippe Jetzer Xisco and Kamionkowski, Marc and Kaplan, David E. and Kazantzidis, Stelios and Kimura, Masashi and Kobayashi, Shiho and Kokkotas, Kostas and Krolik, Julian and Kunz, Jutta and Lammerzahl, Claus and Lasky, Paul and Lemos, Jose P. S. and Said, Jackson Levi and Liberati, Stefano and Lopes, Jorge and Luna, Raimon and Ma, Yin-Zhe and Maggio, Elisa and Montero, Marina Martinez and Maselli, Andrea and Mayer, Lucio and Mazumdar, Anupam and Messenger, Christopher and Menard, Brice and Minamitsuji, Masato and Moore, Christopher J. and Mota, David and Nampalliwar, Sourabh and Nerozzi, Andrea and Nichols, David and Nissimov, Emil and Obergaulinger, Martin and Obers, Niels A. and Oliveri, Roberto and Pappas, George and Pasic, Vedad and Peiris, Hiranya and Petrushevska, Tanja and Pollney, Denis and Pratten, Geraint and Rakic, Nemanja and Racz, Istvan and Radia, Miren and Ramazanouglu, Fethi M. and Ramos-Buades, Antoni and Raposo, Guilherme and Rosca-Mead, Roxana and Rogatko, Marek and Rosinska, Dorota and Rosswog, Stephan and Morales, Ester Ruiz and Sakellariadou, Mairi and Sanchis-Gual, Nicolas and Salafia, Om Sharan and Samajdar, Anuradha and Sintes, Alicia and Smole, Majda and Sopuerta, Carlos and Souza-Lima, Rafael and Stalevski, Marko and Stergioulas, Nikolaos and Stevens, Chris and Tamfal, Tomas and Torres-Forne, Alejandro and Tsygankov, Sergey and Unluturk, Kivanc and Valiante, Rosa and van de Meent, Maarten and Velhinho, Jose and Verbin, Yosef and Vercnocke, Bert and Vernieri, Daniele and Vicente, Rodrigo and Vitagliano, Vincenzo and Weltman, Amanda and Whiting, Bernard and Williamson, Andrew and Witek, Helvi and Wojnar, Aneta and Yakut, Kadri and Yan, Haopeng and Yazadjiev, Stoycho and Zaharijas, Gabrijela and Zilhao, Miguel},
  date = {2019-07-25},
  journaltitle = {Classical and Quantum Gravity},
  shortjournal = {Class. Quantum Grav.},
  volume = {36},
  pages = {143001},
  issn = {0264-9381, 1361-6382},
  doi = {10.1088/1361-6382/ab0587},
  url = {http://arxiv.org/abs/1806.05195},
  urldate = {2020-03-04},
  abstract = {The grand challenges of contemporary fundamental physics---dark matter, dark energy, vacuum energy, inflation and early universe cosmology, singularities and the hierarchy problem---all involve gravity as a key component. And of all gravitational phenomena, black holes stand out in their elegant simplicity, while harbouring some of the most remarkable predictions of General Relativity: event horizons, singularities and ergoregions. The hitherto invisible landscape of the gravitational Universe is being unveiled before our eyes: the historical direct detection of gravitational waves by the LIGO-Virgo collaboration marks the dawn of a new era of scientific exploration. Gravitational-wave astronomy will allow us to test models of black hole formation, growth and evolution, as well as models of gravitational-wave generation and propagation. It will provide evidence for event horizons and ergoregions, test the theory of General Relativity itself, and may reveal the existence of new fundamental fields. The synthesis of these results has the potential to radically reshape our understanding of the cosmos and of the laws of Nature. The purpose of this work is to present a concise, yet comprehensive overview of the state of the art in the relevant fields of research, summarize important open problems, and lay out a roadmap for future progress.},
  archiveprefix = {arXiv},
  eprint = {1806.05195},
  eprinttype = {arxiv},
  file = {/home/jacopo/zotero/storage/M7RWBM9F/Barack et al. - 2019 - Black holes, gravitational waves and fundamental p.pdf;/home/jacopo/zotero/storage/8QSW9IWH/1806.html},
  keywords = {Astrophysics - High Energy Astrophysical Phenomena,General Relativity and Quantum Cosmology,High Energy Physics - Theory},
  number = {14},
  options = {useprefix=true}
}

@online{bartoloCharacterizingCosmologicalGravitational2019,
  title = {Characterizing the {{Cosmological Gravitational Wave Background Anisotropies}} and Non-{{Gaussianity}}},
  author = {Bartolo, N. and Bertacca, D. and Matarrese, S. and Peloso, M. and Ricciardone, A. and Riotto, A. and Tasinato, G.},
  date = {2019-12-19},
  url = {http://arxiv.org/abs/1912.09433},
  urldate = {2020-03-04},
  abstract = {A future detection of the Stochastic Gravitational Wave Background (SGWB) with GW experiments is expected to open a new window on early universe cosmology and on the astrophysics of compact objects. In this paper we study SGWB anisotropies, that can offer new tools to discriminate between different sources of GWs. In particular, the cosmological SGWB inherits its anisotropies both (i) at its production and (ii) during its propagation through our perturbed universe. Concerning (i), we show that it typically leads to anisotropies with order one dependence on frequency. We then compute the effect of (ii) through a Boltzmann approach, including contributions of both large-scale scalar and tensor linearized perturbations. We also compute for the first time the three-point function of the SGWB energy density, which can allow one to extract information on GW non-Gaussianity with interferometers. Finally, we include non-linear effects associated with long wavelength scalar fluctuations, and compute the squeezed limit of the 3-point function for the SGWB density contrast. Such limit satisfies a consistency relation, conceptually similar to what found in the literature for the case of CMB perturbations.},
  archiveprefix = {arXiv},
  eprint = {1912.09433},
  eprinttype = {arxiv},
  file = {/home/jacopo/zotero/storage/4T3Z5YII/Bartolo et al. - 2019 - Characterizing the Cosmological Gravitational Wave.pdf;/home/jacopo/zotero/storage/B2EZ4K5B/1912.html},
  keywords = {Astrophysics - Cosmology and Nongalactic Astrophysics},
  primaryclass = {astro-ph}
}

@article{bartoloProbingNonGaussianStochastic2018,
  title = {Probing Non-{{Gaussian Stochastic Gravitational Wave Backgrounds}} with {{LISA}}},
  author = {Bartolo, Nicola and Domcke, Valerie and Figueroa, Daniel G. and Garcia-Bellido, Juan and Peloso, Marco and Pieroni, Mauro and Ricciardone, Angelo and Sakellariadou, Mairi and Sorbo, Lorenzo and Tasinato, Gianmassimo},
  date = {2018-11-21},
  journaltitle = {Journal of Cosmology and Astroparticle Physics},
  shortjournal = {J. Cosmol. Astropart. Phys.},
  volume = {2018},
  pages = {034--034},
  issn = {1475-7516},
  doi = {10.1088/1475-7516/2018/11/034},
  url = {http://arxiv.org/abs/1806.02819},
  urldate = {2020-03-04},
  abstract = {The stochastic gravitational wave background (SGWB) contains a wealth of information on astrophysical and cosmological processes. A major challenge of upcoming years will be to extract the information contained in this background and to disentangle the contributions of different sources. In this paper we provide the formalism to extract, from the correlation of three signals in the Laser Interferometer Space Antenna (LISA), information about the tensor three-point function, which characterizes the non-Gaussian properties of the SGWB. This observable can be crucial to discriminate whether a SGWB has a primordial or astrophysical origin. Compared to the two-point function, the SGWB three-point function has a richer dependence on the gravitational wave momenta and chiralities. It can be used therefore as a powerful discriminator between different models. For the first time we provide the response functions of LISA to a general SGWB three-point function. As examples, we study in full detail the cases of an equilateral and squeezed SGWB bispectra, and provide the explicit form of the response functions, ready to be convoluted with any theoretical prediction of the bispectrum to obtain the observable signal. We further derive the optimal estimator to compute the signal-to-noise ratio. Our formalism covers general shapes of non-Gaussianity, and can be extended straightaway to other detector geometries. Finally, we provide a short overview of models of the early universe that can give rise to a non-Gaussian SGWB.},
  archiveprefix = {arXiv},
  eprint = {1806.02819},
  eprinttype = {arxiv},
  file = {/home/jacopo/zotero/storage/LD4AL8LE/Bartolo et al. - 2018 - Probing non-Gaussian Stochastic Gravitational Wave.pdf;/home/jacopo/zotero/storage/3VXE8A45/1806.html},
  keywords = {Astrophysics - Cosmology and Nongalactic Astrophysics,General Relativity and Quantum Cosmology},
  number = {11}
}

@online{bertschingerCosmologicalPerturbationTheory2000,
  ids = {bertschingerCosmologicalPerturbationTheory2000a},
  title = {Cosmological {{Perturbation Theory}} and {{Structure Formation}}},
  author = {Bertschinger, Edmund},
  date = {2000-12-31},
  url = {http://arxiv.org/abs/astro-ph/0101009},
  urldate = {2020-03-04},
  abstract = {These lecture notes discuss several topics in the physics of cosmic structure formation starting from the evolution of small-amplitude fluctuations in the radiation-dominated era. The topics include relativistic cosmological perturbation theory with the scalar-vector-tensor decomposition, the evolution of adiabatic and isentropic initial fluctuations, microwave background anisotropy, spatial and angular power spectra, the cold dark matter linear transfer function, Press-Schechter theory, and a brief introduction to numerical simulation methods.},
  archiveprefix = {arXiv},
  eprint = {astro-ph/0101009},
  eprinttype = {arxiv},
  file = {/home/jacopo/zotero/storage/3R2WLE4D/Bertschinger - 2000 - Cosmological Perturbation Theory and Structure For.pdf;/home/jacopo/zotero/storage/XKFWX89L/Bertschinger - 2000 - Cosmological Perturbation Theory and Structure For.pdf;/home/jacopo/zotero/storage/ET35EVQQ/0101009.html;/home/jacopo/zotero/storage/YANH4YA5/0101009.html},
  keywords = {Astrophysics},
  version = {1}
}

@article{blanchetGravitationalRadiationPostNewtonian2014,
  title = {Gravitational {{Radiation}} from {{Post}}-{{Newtonian Sources}} and {{Inspiralling Compact Binaries}}},
  author = {Blanchet, Luc},
  date = {2014-12},
  journaltitle = {Living Reviews in Relativity},
  shortjournal = {Living Rev. Relativ.},
  volume = {17},
  pages = {2},
  issn = {2367-3613, 1433-8351},
  doi = {10.12942/lrr-2014-2},
  url = {http://link.springer.com/10.12942/lrr-2014-2},
  urldate = {2021-04-04},
  file = {/home/jacopo/zotero/storage/73X3H4SC/Blanchet_2014_Gravitational Radiation from Post-Newtonian Sources and Inspiralling Compact.pdf},
  langid = {english},
  number = {1}
}

@article{brillMethodSelfConsistentField1964,
  title = {Method of the {{Self}}-{{Consistent Field}} in {{General Relativity}} and Its {{Application}} to the {{Gravitational Geon}}},
  author = {Brill, Dieter R. and Hartle, James B.},
  date = {1964-07-13},
  journaltitle = {Physical Review},
  shortjournal = {Phys. Rev.},
  volume = {135},
  pages = {B271-B278},
  issn = {0031-899X},
  doi = {10.1103/PhysRev.135.B271},
  url = {https://link.aps.org/doi/10.1103/PhysRev.135.B271},
  urldate = {2021-04-04},
  issue = {1B},
  langid = {english}
}

@article{calcagniQuantumGravityGravitationalwave2019,
  title = {Quantum Gravity and Gravitational-Wave Astronomy},
  author = {Calcagni, Gianluca and Kuroyanagi, Sachiko and Marsat, Sylvain and Sakellariadou, Mairi and Tamanini, Nicola and Tasinato, Gianmassimo},
  date = {2019-10-04},
  journaltitle = {Journal of Cosmology and Astroparticle Physics},
  shortjournal = {J. Cosmol. Astropart. Phys.},
  volume = {2019},
  pages = {012--012},
  issn = {1475-7516},
  doi = {10.1088/1475-7516/2019/10/012},
  url = {http://arxiv.org/abs/1907.02489},
  urldate = {2020-04-28},
  abstract = {We investigate possible signatures of quantum gravity which could be tested with current and future gravitational-wave (GW) observations. In particular, we analyze how quantum gravity can influence the GW luminosity distance, the time dependence of the effective Planck mass and the instrumental strain noise of interferometers. Using both model-dependent and model-independent formulae, we show that these quantities can encode a non-perturbative effect typical of all quantum-gravity theories, namely the way the dimension of spacetime changes with the probed scale. Effects associated with such dimensional flow might be tested with GW observations and constrained significantly in theories with a microscopically discrete spacetime geometry, more strongly than from propagation-speed constraints. Making use of public LIGO data as well as of a simulated higher-redshift LISA source, we impose the first, respectively, actual and mock constraints on quantum-gravity parameters affecting the GW luminosity distance and discuss specific theoretical examples. If also the Newtonian potential is modified but light geodesics are not, then solar-system bounds may be stronger than GW ones. Yet, for some theories GW astronomy can give unique information not available from solar-system tests.},
  archiveprefix = {arXiv},
  eprint = {1907.02489},
  eprinttype = {arxiv},
  file = {/home/jacopo/zotero/storage/WLZUSHEA/Calcagni et al. - 2019 - Quantum gravity and gravitational-wave astronomy.pdf;/home/jacopo/zotero/storage/67J8P9HA/1907.html},
  keywords = {Astrophysics - Cosmology and Nongalactic Astrophysics,General Relativity and Quantum Cosmology,High Energy Physics - Theory},
  number = {10}
}

@book{carrollSpacetimeGeometryIntroduction2019,
  ids = {carrollSpacetimeGeometryIntroduction},
  title = {Spacetime and Geometry: An Introduction to General Relativity},
  shorttitle = {Spacetime and Geometry},
  author = {Carroll, Sean M.},
  date = {2019},
  publisher = {{Cambridge University Press}},
  location = {{New York}},
  abstract = {"Spacetime and Geometry is an introductory textbook on general relativity, specifically aimed at students. Using a lucid style, Carroll first covers the foundations of the theory and mathematical formalism, providing an approachable introduction to what can often be an intimidating subject. Three major applications of general relativity are then discussed: black holes, perturbation theory and gravitational waves, and cosmology. Students will learn the origin of how spacetime curves (the Einstein equation) and how matter moves through it (the geodesic equation). They will learn what black holes really are, how gravitational waves are generated and detected, and the modern view of the expansion of the universe. A brief introduction to quantum field theory in curved spacetime is also included. A student familiar with this book will be ready to tackle research-level problems in gravitational physics"--},
  file = {/home/jacopo/zotero/storage/B943IDQ9/Carroll - Spacetime and Geometry an Introduction to General.pdf},
  isbn = {978-1-108-77038-5},
  keywords = {General relativity (Physics)},
  pagetotal = {1}
}

@online{castroBreakingAwayHorizon2019,
  title = {Breaking Away from the near Horizon of Extreme {{Kerr}}},
  author = {Castro, Alejandra and Godet, Victor},
  date = {2019-12-05},
  url = {http://arxiv.org/abs/1906.09083},
  urldate = {2020-03-04},
  abstract = {We study gravitational perturbations around the near horizon geometry of the (near) extreme Kerr black hole. By considering a consistent truncation for the metric fluctuations, we obtain a solution to the linearized Einstein equations. The dynamics is governed by two master fields which, in the context of the nAdS\$\_2\$/nCFT\$\_1\$ correspondence, are both irrelevant operators of conformal dimension \$\textbackslash Delta=2\$. These fields control the departure from extremality by breaking the conformal symmetry of the near horizon region. One of the master fields is tied to large diffeomorphisms of the near horizon, with its equations of motion compatible with a Schwarzian effective action. The other field is essential for a consistent description of the geometry away from the horizon.},
  archiveprefix = {arXiv},
  eprint = {1906.09083},
  eprinttype = {arxiv},
  file = {/home/jacopo/zotero/storage/ECEHKAA3/Castro and Godet - 2019 - Breaking away from the near horizon of extreme Ker.pdf;/home/jacopo/zotero/storage/BTBZL6FR/1906.html},
  keywords = {General Relativity and Quantum Cosmology,High Energy Physics - Theory},
  primaryclass = {gr-qc, physics:hep-th},
  version = {3}
}

@online{castroHiddenSymmetryRotational2021,
  title = {Hidden Symmetry between Rotational Tidal {{Love}} Numbers of Spinning Neutron Stars},
  author = {Castro, Gonçalo and Gualtieri, Leonardo and Pani, Paolo},
  date = {2021-03-30},
  url = {http://arxiv.org/abs/2103.16595},
  urldate = {2021-04-01},
  abstract = {The coupling between the angular momentum of a compact object and an external tidal field gives rise to the "rotational" tidal Love numbers, which affect the tidal deformability of a spinning self-gravitating body and enter the gravitational waveform of a binary inspiral at high post-Newtonian order. We provide numerical evidence for a surprising "hidden" symmetry among the rotational tidal Love numbers with opposite parities, which are associated to perturbations belonging to separate sectors. This symmetry, whose existence had been suggested on the basis of a Lagrangian description of the tidal interaction in a binary system, holds independently of the equation of state of the star.},
  archiveprefix = {arXiv},
  eprint = {2103.16595},
  eprinttype = {arxiv},
  file = {/home/jacopo/zotero/storage/BD2ZHIFV/Castro et al_2021_Hidden symmetry between rotational tidal Love numbers of spinning neutron stars.pdf;/home/jacopo/zotero/storage/NQYW3ZSB/2103.html},
  keywords = {General Relativity and Quantum Cosmology},
  primaryclass = {gr-qc}
}

@article{damourGravitationalRadiationReaction1983,
  title = {Gravitational {{Radiation Reaction}} in the {{Binary Pulsar}} and the {{Quadrupole}}-{{Formula Controversy}}},
  author = {Damour, Thibaut},
  date = {1983-09-19},
  journaltitle = {Physical Review Letters},
  shortjournal = {Phys. Rev. Lett.},
  volume = {51},
  pages = {1019--1021},
  issn = {0031-9007},
  doi = {10.1103/PhysRevLett.51.1019},
  url = {https://link.aps.org/doi/10.1103/PhysRevLett.51.1019},
  urldate = {2021-04-04},
  langid = {english},
  number = {12}
}

@article{davisPulsesGravitationalRadiation1972,
  title = {Pulses of {{Gravitational Radiation}} of a {{Particle Falling Radially}} into a {{Schwarzschild Black Hole}}},
  author = {Davis, Marc and Ruffini, Remo and Tiomno, Jayme},
  date = {1972-06-15},
  journaltitle = {Physical Review D},
  shortjournal = {Phys. Rev. D},
  volume = {5},
  pages = {2932--2935},
  issn = {0556-2821},
  doi = {10.1103/PhysRevD.5.2932},
  url = {https://link.aps.org/doi/10.1103/PhysRevD.5.2932},
  urldate = {2021-04-04},
  langid = {english},
  number = {12}
}

@online{derhamSpeedGravity2019,
  title = {The {{Speed}} of {{Gravity}}},
  author = {de Rham, Claudia and Tolley, Andrew J.},
  date = {2019-09-08},
  url = {http://arxiv.org/abs/1909.00881},
  urldate = {2020-03-04},
  abstract = {Within the standard effective field theory of General Relativity, we show that the speed of gravitational waves deviates, ever so slightly, from luminality on cosmological and other spontaneously Lorentz-breaking backgrounds. This effect results from loop contributions from massive fields of any spin, including Standard Model fields, or from tree level effects from massive higher spins \$s \textbackslash ge 2\$. We show that for the choice of interaction signs implied by S-matrix and spectral density positivity bounds suggested by analyticity and causality, the speed of gravitational waves is in general superluminal at low-energies on NEC preserving backgrounds, meaning gravitational waves travel faster than allowed by the metric to which photons and Standard Model fields are minimally coupled. We show that departure of the speed from unity increases in the IR and argue that the speed inevitably returns to luminal at high energies as required by Lorentz invariance. Performing a special tuning of the EFT so that renormalization sensitive curvature-squared terms are set to zero, we find that finite loop corrections from Standard Model fields still lead to an epoch dependent modification of the speed of gravitational waves which is determined by the precise field content of the lightest particles with masses larger than the Hubble parameter today. Depending on interpretation, such considerations could potentially have far-reaching implications on light scalar models, such as axionic or fuzzy cold dark matter.},
  archiveprefix = {arXiv},
  eprint = {1909.00881},
  eprinttype = {arxiv},
  file = {/home/jacopo/zotero/storage/VXSYFFTA/de Rham and Tolley - 2019 - The Speed of Gravity.pdf;/home/jacopo/zotero/storage/BPIJJQHQ/1909.html},
  keywords = {Astrophysics - Cosmology and Nongalactic Astrophysics,General Relativity and Quantum Cosmology,High Energy Physics - Phenomenology,High Energy Physics - Theory},
  options = {useprefix=true},
  primaryclass = {astro-ph, physics:gr-qc, physics:hep-ph, physics:hep-th}
}

@article{flanaganBasicsGravitationalWave2005,
  ids = {flanaganBasicsGravitationalWave2005a},
  title = {The Basics of Gravitational Wave Theory},
  author = {Flanagan, Eanna E. and Hughes, Scott A.},
  date = {2005-09-29},
  journaltitle = {New Journal of Physics},
  shortjournal = {New J. Phys.},
  volume = {7},
  pages = {204--204},
  issn = {1367-2630},
  doi = {10.1088/1367-2630/7/1/204},
  url = {http://arxiv.org/abs/gr-qc/0501041},
  urldate = {2020-03-04},
  abstract = {Einstein's special theory of relativity revolutionized physics by teaching us that space and time are not separate entities, but join as ``spacetime''. His general theory of relativity further taught us that spacetime is not just a stage on which dynamics takes place, but is a participant: The field equation of general relativity connects matter dynamics to the curvature of spacetime. Curvature is responsible for gravity, carrying us beyond the Newtonian conception of gravity that had been in place for the previous two and a half centuries. Much research in gravitation since then has explored and clarified the consequences of this revolution; the notion of dynamical spacetime is now firmly established in the toolkit of modern physics. Indeed, this notion is so well established that we may now contemplate using spacetime as a tool for other science. One aspect of dynamical spacetime -- its radiative character, ``gravitational radiation'' -- will inaugurate entirely new techniques for observing violent astrophysical processes. Over the next one hundred years, much of this subject's excitement will come from learning how to exploit spacetime as a tool for astronomy. This article is intended as a tutorial in the basics of gravitational radiation physics.},
  archiveprefix = {arXiv},
  eprint = {gr-qc/0501041},
  eprinttype = {arxiv},
  file = {/home/jacopo/zotero/storage/VW6HRTB5/Flanagan and Hughes - 2005 - The basics of gravitational wave theory.pdf;/home/jacopo/zotero/storage/CPZBW4HU/0501041.html},
  keywords = {Astrophysics,General Relativity and Quantum Cosmology},
  version = {3}
}

@article{flanaganPersistentGravitationalWave2019,
  title = {Persistent Gravitational Wave Observables: General Framework},
  shorttitle = {Persistent Gravitational Wave Observables},
  author = {Flanagan, Éanna É and Grant, Alexander M. and Harte, Abraham I. and Nichols, David A.},
  date = {2019-04-25},
  journaltitle = {Physical Review D},
  shortjournal = {Phys. Rev. D},
  volume = {99},
  pages = {084044},
  issn = {2470-0010, 2470-0029},
  doi = {10.1103/PhysRevD.99.084044},
  url = {http://arxiv.org/abs/1901.00021},
  urldate = {2020-03-04},
  abstract = {The gravitational wave memory effect is characterized by the permanent relative displacement of a pair of initially comoving test particles that is caused by the passage of a burst of gravitational waves. Recent research on this effect has clarified the physical origin and the interpretation of this gravitational phenomenon in terms of conserved charges at null infinity and "soft theorems." In this paper, we describe a more general class of effects than the gravitational wave memory that are not necessarily associated with these charges and soft theorems, but that are, in principle, measurable. We shall refer to these effects as persistent gravitational wave observables. These observables vanish in non-radiative regions of a spacetime, and their effects "persist" after a region of spacetime which is radiating. We give three examples of such persistent observables, as well as general techniques to calculate them. These examples, for simplicity, restrict the class of non-radiative regions to those which are exactly flat. Our first example is a generalization of geodesic deviation that allows for arbitrary acceleration. The second example is a holonomy observable, which is defined in terms of a closed loop. It contains the usual "displacement" gravitational wave memory; three previously identified, though less well known memory effects (the proper time, velocity, and rotation memories); and additional new observables. Finally, the third example we give is an explicit procedure by which an observer could measure a persistent effect using a spinning test particle. We briefly discuss the ability of gravitational wave detectors (such as LIGO and Virgo) to measure these observables.},
  archiveprefix = {arXiv},
  eprint = {1901.00021},
  eprinttype = {arxiv},
  file = {/home/jacopo/zotero/storage/7W5LWETM/Flanagan et al. - 2019 - Persistent gravitational wave observables general.pdf;/home/jacopo/zotero/storage/4HAQC4P7/1901.html},
  keywords = {General Relativity and Quantum Cosmology},
  number = {8}
}

@article{grahamCandidateElectromagneticCounterpart2020,
  title = {Candidate {{Electromagnetic Counterpart}} to the {{Binary Black Hole Merger Gravitational}}-{{Wave Event S190521g}}},
  author = {Graham, M. J. and Ford, K. E. S. and McKernan, B. and Ross, N. P. and Stern, D. and Burdge, K. and Coughlin, M. and Djorgovski, S. G. and Drake, A. J. and Duev, D. and Kasliwal, M. and Mahabal, A. A. and van Velzen, S. and Belecki, J. and Bellm, E. C. and Burruss, R. and Cenko, S. B. and Cunningham, V. and Helou, G. and Kulkarni, S. R. and Masci, F. J. and Prince, T. and Reiley, D. and Rodriguez, H. and Rusholme, B. and Smith, R. M. and Soumagnac, M. T.},
  date = {2020-06-25},
  journaltitle = {Physical Review Letters},
  shortjournal = {Phys. Rev. Lett.},
  volume = {124},
  pages = {251102},
  publisher = {{American Physical Society}},
  doi = {10.1103/PhysRevLett.124.251102},
  url = {https://link.aps.org/doi/10.1103/PhysRevLett.124.251102},
  urldate = {2020-09-03},
  abstract = {We report the first plausible optical electromagnetic counterpart to a (candidate) binary black hole merger. Detected by the Zwicky Transient Facility, the electromagnetic flare is consistent with expectations for a kicked binary black hole merger in the accretion disk of an active galactic nucleus [B. McKernan, K. E. S. Ford, I. Bartos et al., Astrophys. J. Lett. 884, L50 (2019)] and is unlikely [},
  file = {/home/jacopo/zotero/storage/KMUMN5GX/Graham et al. - 2020 - Candidate Electromagnetic Counterpart to the Binar.pdf;/home/jacopo/zotero/storage/ZXT4I5T3/PhysRevLett.124.html},
  number = {25},
  options = {useprefix=true}
}

@online{GravitationalWaveSensitivity,
  title = {Gravitational {{Wave Sensitivity Curve Plotter}}},
  url = {http://gwplotter.com/},
  urldate = {2020-04-19},
  file = {/home/jacopo/zotero/storage/KZHWGV26/gwplotter.com.html}
}

@online{hasterPiSkyNull2020,
  title = {Pi from the Sky -- {{A}} Null Test of General Relativity from a Population of Gravitational Wave Observations},
  author = {Haster, Carl-Johan},
  date = {2020-05-11},
  url = {http://arxiv.org/abs/2005.05472},
  urldate = {2020-05-13},
  abstract = {Our understanding of observed Gravitational Waves (GWs) comes from matching data to known signal models describing General Relativity (GR). These models, expressed in the post-Newtonian formalism, contain the mathematical constant \$\textbackslash pi\$. Allowing \$\textbackslash pi\$ to vary thus enables a strong, universal and generalisable null test of GR. From a population of 22 GW observations, we make an astrophysical measurement of \$\textbackslash pi=3.115\^\{+0.048\}\_\{-0.088\}\$, and prefer GR as the correct theory of gravity with a Bayes factor of 321. We find the variable \$\textbackslash pi\$ test robust against simulated beyond-GR effects.},
  archiveprefix = {arXiv},
  eprint = {2005.05472},
  eprinttype = {arxiv},
  file = {/home/jacopo/zotero/storage/CSPEAST2/Haster - 2020 - Pi from the sky -- A null test of general relativi.pdf;/home/jacopo/zotero/storage/HNW7CPYJ/2005.html},
  keywords = {General Relativity and Quantum Cosmology},
  primaryclass = {gr-qc}
}

@article{hobbsGravitationalWaveResearch2017,
  title = {Gravitational Wave Research Using Pulsar Timing Arrays},
  author = {Hobbs, George and Dai, Shi},
  date = {2017-09-01},
  journaltitle = {National Science Review},
  volume = {4},
  pages = {707--717},
  issn = {2095-5138, 2053-714X},
  doi = {10.1093/nsr/nwx126},
  url = {http://arxiv.org/abs/1707.01615},
  urldate = {2020-03-04},
  abstract = {A pulsar timing array (PTA) refers to a program of regular, high-precision timing observations of a widely distributed array of millisecond pulsars. Here we review the status of the three primary PTA projects and the joint International Pulsar Timing Array project. We discuss current results related to ultra-low-frequency gravitational wave searches and highlight opportunities for the near future.},
  archiveprefix = {arXiv},
  eprint = {1707.01615},
  eprinttype = {arxiv},
  file = {/home/jacopo/zotero/storage/DB86G9HN/Hobbs and Dai - 2017 - Gravitational wave research using pulsar timing ar.pdf;/home/jacopo/zotero/storage/KWAY7DKH/1707.html},
  keywords = {Astrophysics - High Energy Astrophysical Phenomena,Astrophysics - Instrumentation and Methods for Astrophysics},
  number = {5},
  version = {2}
}

@article{isaacsonGravitationalRadiationLimit1968,
  title = {Gravitational {{Radiation}} in the {{Limit}} of {{High Frequency}}. {{II}}. {{Nonlinear Terms}} and the {{Effective Stress Tensor}}},
  author = {Isaacson, Richard A.},
  date = {1968-02-25},
  journaltitle = {Physical Review},
  shortjournal = {Phys. Rev.},
  volume = {166},
  pages = {1272--1280},
  issn = {0031-899X},
  doi = {10.1103/PhysRev.166.1272},
  url = {https://link.aps.org/doi/10.1103/PhysRev.166.1272},
  urldate = {2021-04-04},
  langid = {english},
  number = {5}
}

@article{jaranowskiGravitationalWaveDataAnalysis2012,
  title = {Gravitational-{{Wave Data Analysis}}. {{Formalism}} and {{Sample Applications}}: {{The Gaussian Case}}},
  shorttitle = {Gravitational-{{Wave Data Analysis}}. {{Formalism}} and {{Sample Applications}}},
  author = {Jaranowski, Piotr and Królak, Andrzej},
  date = {2012-12},
  journaltitle = {Living Reviews in Relativity},
  shortjournal = {Living Rev. Relativ.},
  volume = {15},
  pages = {4},
  issn = {2367-3613, 1433-8351},
  doi = {10.12942/lrr-2012-4},
  url = {http://link.springer.com/10.12942/lrr-2012-4},
  urldate = {2021-04-04},
  file = {/home/jacopo/zotero/storage/RBR4CB2Y/Jaranowski_Królak_2012_Gravitational-Wave Data Analysis.pdf},
  langid = {english},
  number = {1}
}

@article{kokkotasQuasiNormalModesStars1999,
  title = {Quasi-{{Normal Modes}} of {{Stars}} and {{Black Holes}}},
  author = {Kokkotas, Kostas D. and Schmidt, Bernd G.},
  date = {1999-12},
  journaltitle = {Living Reviews in Relativity},
  shortjournal = {Living Rev. Relativ.},
  volume = {2},
  pages = {2},
  issn = {2367-3613, 1433-8351},
  doi = {10.12942/lrr-1999-2},
  url = {http://link.springer.com/10.12942/lrr-1999-2},
  urldate = {2021-04-04},
  file = {/home/jacopo/zotero/storage/65Q3ECUX/Kokkotas_Schmidt_1999_Quasi-Normal Modes of Stars and Black Holes.pdf},
  langid = {english},
  number = {1}
}

@article{ligoscientificcollaborationandvirgocollaborationGW190521BinaryBlack2020,
  title = {{{GW190521}}: {{A Binary Black Hole Merger}} with a {{Total Mass}} of \$150\textbackslash text\{ \}\textbackslash text\{ \}\{\vphantom\}{{M}}\vphantom\{\}\_\{\textbackslash ensuremath\{\textbackslash bigodot\}\}\$},
  shorttitle = {{{GW190521}}},
  author = {{LIGO Scientific Collaboration and Virgo Collaboration} and Abbott, R. and Abbott, T. D. and Abraham, S. and Acernese, F. and Ackley, K. and Adams, C. and Adhikari, R. X. and Adya, V. B. and Affeldt, C. and Agathos, M. and Agatsuma, K. and Aggarwal, N. and Aguiar, O. D. and Aich, A. and Aiello, L. and Ain, A. and Ajith, P. and Akcay, S. and Allen, G. and Allocca, A. and Altin, P. A. and Amato, A. and Anand, S. and Ananyeva, A. and Anderson, S. B. and Anderson, W. G. and Angelova, S. V. and Ansoldi, S. and Antier, S. and Appert, S. and Arai, K. and Araya, M. C. and Areeda, J. S. and Arène, M. and Arnaud, N. and Aronson, S. M. and Arun, K. G. and Asali, Y. and Ascenzi, S. and Ashton, G. and Aston, S. M. and Astone, P. and Aubin, F. and Aufmuth, P. and AultONeal, K. and Austin, C. and Avendano, V. and Babak, S. and Bacon, P. and Badaracco, F. and Bader, M. K. M. and Bae, S. and Baer, A. M. and Baird, J. and Baldaccini, F. and Ballardin, G. and Ballmer, S. W. and Bals, A. and Balsamo, A. and Baltus, G. and Banagiri, S. and Bankar, D. and Bankar, R. S. and Barayoga, J. C. and Barbieri, C. and Barish, B. C. and Barker, D. and Barkett, K. and Barneo, P. and Barone, F. and Barr, B. and Barsotti, L. and Barsuglia, M. and Barta, D. and Bartlett, J. and Bartos, I. and Bassiri, R. and Basti, A. and Bawaj, M. and Bayley, J. C. and Bazzan, M. and Bécsy, B. and Bejger, M. and Belahcene, I. and Bell, A. S. and Beniwal, D. and Benjamin, M. G. and Bentley, J. D. and Bergamin, F. and Berger, B. K. and Bergmann, G. and Bernuzzi, S. and Berry, C. P. L. and Bersanetti, D. and Bertolini, A. and Betzwieser, J. and Bhandare, R. and Bhandari, A. V. and Bidler, J. and Biggs, E. and Bilenko, I. A. and Billingsley, G. and Birney, R. and Birnholtz, O. and Biscans, S. and Bischi, M. and Biscoveanu, S. and Bisht, A. and Bissenbayeva, G. and Bitossi, M. and Bizouard, M. A. and Blackburn, J. K. and Blackman, J. and Blair, C. D. and Blair, D. G. and Blair, R. M. and Bobba, F. and Bode, N. and Boer, M. and Boetzel, Y. and Bogaert, G. and Bondu, F. and Bonilla, E. and Bonnand, R. and Booker, P. and Boom, B. A. and Bork, R. and Boschi, V. and Bose, S. and Bossilkov, V. and Bosveld, J. and Bouffanais, Y. and Bozzi, A. and Bradaschia, C. and Brady, P. R. and Bramley, A. and Branchesi, M. and Brau, J. E. and Breschi, M. and Briant, T. and Briggs, J. H. and Brighenti, F. and Brillet, A. and Brinkmann, M. and Brockill, P. and Brooks, A. F. and Brooks, J. and Brown, D. D. and Brunett, S. and Bruno, G. and Bruntz, R. and Buikema, A. and Bulik, T. and Bulten, H. J. and Buonanno, A. and Buscicchio, R. and Buskulic, D. and Byer, R. L. and Cabero, M. and Cadonati, L. and Cagnoli, G. and Cahillane, C. and Calderón Bustillo, J. and Callaghan, J. D. and Callister, T. A. and Calloni, E. and Camp, J. B. and Canepa, M. and Cannon, K. C. and Cao, H. and Cao, J. and Carapella, G. and Carbognani, F. and Caride, S. and Carney, M. F. and Carullo, G. and Casanueva Diaz, J. and Casentini, C. and Castañeda, J. and Caudill, S. and Cavaglià, M. and Cavalier, F. and Cavalieri, R. and Cella, G. and Cerdá-Durán, P. and Cesarini, E. and Chaibi, O. and Chakravarti, K. and Chan, C. and Chan, M. and Chandra, K. and Chao, S. and Charlton, P. and Chase, E. A. and Chassande-Mottin, E. and Chatterjee, D. and Chaturvedi, M. and Chatziioannou, K. and Chen, H. Y. and Chen, X. and Chen, Y. and Cheng, H.-P. and Cheong, C. K. and Chia, H. Y. and Chiadini, F. and Chierici, R. and Chincarini, A. and Chiummo, A. and Cho, G. and Cho, H. S. and Cho, M. and Christensen, N. and Chu, Q. and Chua, S. and Chung, K. W. and Chung, S. and Ciani, G. and Ciecielag, P. and Cieślar, M. and Ciobanu, A. A. and Ciolfi, R. and Cipriano, F. and Cirone, A. and Clara, F. and Clark, J. A. and Clearwater, P. and Clesse, S. and Cleva, F. and Coccia, E. and Cohadon, P.-F. and Cohen, D. and Colleoni, M. and Collette, C. G. and Collins, C. and Colpi, M. and Constancio, M. and Conti, L. and Cooper, S. J. and Corban, P. and Corbitt, T. R. and Cordero-Carrión, I. and Corezzi, S. and Corley, K. R. and Cornish, N. and Corre, D. and Corsi, A. and Cortese, S. and Costa, C. A. and Cotesta, R. and Coughlin, M. W. and Coughlin, S. B. and Coulon, J.-P. and Countryman, S. T. and Couvares, P. and Covas, P. B. and Coward, D. M. and Cowart, M. J. and Coyne, D. C. and Coyne, R. and Creighton, J. D. E. and Creighton, T. D. and Cripe, J. and Croquette, M. and Crowder, S. G. and Cudell, J.-R. and Cullen, T. J. and Cumming, A. and Cummings, R. and Cunningham, L. and Cuoco, E. and Curylo, M. and Canton, T. Dal and Dálya, G. and Dana, A. and Daneshgaran-Bajastani, L. M. and D’Angelo, B. and Danilishin, S. L. and D’Antonio, S. and Danzmann, K. and Darsow-Fromm, C. and Dasgupta, A. and Datrier, L. E. H. and Dattilo, V. and Dave, I. and Davier, M. and Davies, G. S. and Davis, D. and Daw, E. J. and DeBra, D. and Deenadayalan, M. and Degallaix, J. and De Laurentis, M. and Deléglise, S. and Delfavero, M. and De Lillo, N. and Del Pozzo, W. and DeMarchi, L. M. and D’Emilio, V. and Demos, N. and Dent, T. and De Pietri, R. and De Rosa, R. and De Rossi, C. and DeSalvo, R. and de Varona, O. and Dhurandhar, S. and Díaz, M. C. and Diaz-Ortiz, M. and Dietrich, T. and Di Fiore, L. and Di Fronzo, C. and Di Giorgio, C. and Di Giovanni, F. and Di Giovanni, M. and Di Girolamo, T. and Di Lieto, A. and Ding, B. and Di Pace, S. and Di Palma, I. and Di Renzo, F. and Divakarla, A. K. and Dmitriev, A. and Doctor, Z. and Donovan, F. and Dooley, K. L. and Doravari, S. and Dorrington, I. and Downes, T. P. and Drago, M. and Driggers, J. C. and Du, Z. and Ducoin, J.-G. and Dupej, P. and Durante, O. and D’Urso, D. and Dwyer, S. E. and Easter, P. J. and Eddolls, G. and Edelman, B. and Edo, T. B. and Edy, O. and Effler, A. and Ehrens, P. and Eichholz, J. and Eikenberry, S. S. and Eisenmann, M. and Eisenstein, R. A. and Ejlli, A. and Errico, L. and Essick, R. C. and Estelles, H. and Estevez, D. and Etienne, Z. B. and Etzel, T. and Evans, M. and Evans, T. M. and Ewing, B. E. and Fafone, V. and Fairhurst, S. and Fan, X. and Farinon, S. and Farr, B. and Farr, W. M. and Fauchon-Jones, E. J. and Favata, M. and Fays, M. and Fazio, M. and Feicht, J. and Fejer, M. M. and Feng, F. and Fenyvesi, E. and Ferguson, D. L. and Fernandez-Galiana, A. and Ferrante, I. and Ferreira, E. C. and Ferreira, T. A. and Fidecaro, F. and Fiori, I. and Fiorucci, D. and Fishbach, M. and Fisher, R. P. and Fittipaldi, R. and Fitz-Axen, M. and Fiumara, V. and Flaminio, R. and Floden, E. and Flynn, E. and Fong, H. and Font, J. A. and Forsyth, P. W. F. and Fournier, J.-D. and Frasca, S. and Frasconi, F. and Frei, Z. and Freise, A. and Frey, R. and Frey, V. and Fritschel, P. and Frolov, V. V. and Fronzè, G. and Fulda, P. and Fyffe, M. and Gabbard, H. A. and Gadre, B. U. and Gaebel, S. M. and Gair, J. R. and Galaudage, S. and Ganapathy, D. and Ganguly, A. and Gaonkar, S. G. and García-Quirós, C. and Garufi, F. and Gateley, B. and Gaudio, S. and Gayathri, V. and Gemme, G. and Genin, E. and Gennai, A. and George, D. and George, J. and Gergely, L. and Ghonge, S. and Ghosh, Abhirup and Ghosh, Archisman and Ghosh, S. and Giacomazzo, B. and Giaime, J. A. and Giardina, K. D. and Gibson, D. R. and Gier, C. and Gill, K. and Glanzer, J. and Gniesmer, J. and Godwin, P. and Goetz, E. and Goetz, R. and Gohlke, N. and Goncharov, B. and González, G. and Gopakumar, A. and Gossan, S. E. and Gosselin, M. and Gouaty, R. and Grace, B. and Grado, A. and Granata, M. and Grant, A. and Gras, S. and Grassia, P. and Gray, C. and Gray, R. and Greco, G. and Green, A. C. and Green, R. and Gretarsson, E. M. and Griggs, H. L. and Grignani, G. and Grimaldi, A. and Grimm, S. J. and Grote, H. and Grunewald, S. and Gruning, P. and Guidi, G. M. and Guimaraes, A. R. and Guixé, G. and Gulati, H. K. and Guo, Y. and Gupta, A. and Gupta, Anchal and Gupta, P. and Gustafson, E. K. and Gustafson, R. and Haegel, L. and Halim, O. and Hall, E. D. and Hamilton, E. Z. and Hammond, G. and Haney, M. and Hanke, M. M. and Hanks, J. and Hanna, C. and Hannam, M. D. and Hannuksela, O. A. and Hansen, T. J. and Hanson, J. and Harder, T. and Hardwick, T. and Haris, K. and Harms, J. and Harry, G. M. and Harry, I. W. and Hasskew, R. K. and Haster, C.-J. and Haughian, K. and Hayes, F. J. and Healy, J. and Heidmann, A. and Heintze, M. C. and Heinze, J. and Heitmann, H. and Hellman, F. and Hello, P. and Hemming, G. and Hendry, M. and Heng, I. S. and Hennes, E. and Hennig, J. and Heurs, M. and Hild, S. and Hinderer, T. and Hoback, S. Y. and Hochheim, S. and Hofgard, E. and Hofman, D. and Holgado, A. M. and Holland, N. A. and Holt, K. and Holz, D. E. and Hopkins, P. and Horst, C. and Hough, J. and Howell, E. J. and Hoy, C. G. and Huang, Y. and Hübner, M. T. and Huerta, E. A. and Huet, D. and Hughey, B. and Hui, V. and Husa, S. and Huttner, S. H. and Huxford, R. and Huynh-Dinh, T. and Idzkowski, B. and Iess, A. and Inchauspe, H. and Ingram, C. and Intini, G. and Isac, J.-M. and Isi, M. and Iyer, B. R. and Jacqmin, T. and Jadhav, S. J. and Jadhav, S. P. and James, A. L. and Jani, K. and Janthalur, N. N. and Jaranowski, P. and Jariwala, D. and Jaume, R. and Jenkins, A. C. and Jiang, J. and Johns, G. R. and Johnson-McDaniel, N. K. and Jones, A. W. and Jones, D. I. and Jones, J. D. and Jones, P. and Jones, R. and Jonker, R. J. G. and Ju, L. and Junker, J. and Kalaghatgi, C. V. and Kalogera, V. and Kamai, B. and Kandhasamy, S. and Kang, G. and Kanner, J. B. and Kapadia, S. J. and Karki, S. and Kashyap, R. and Kasprzack, M. and Kastaun, W. and Katsanevas, S. and Katsavounidis, E. and Katzman, W. and Kaufer, S. and Kawabe, K. and Kéfélian, F. and Keitel, D. and Keivani, A. and Kennedy, R. and Key, J. S. and Khadka, S. and Khalili, F. Y. and Khan, I. and Khan, S. and Khan, Z. A. and Khazanov, E. A. and Khetan, N. and Khursheed, M. and Kijbunchoo, N. and Kim, Chunglee and Kim, G. J. and Kim, J. C. and Kim, K. and Kim, W. and Kim, W. S. and Kim, Y.-M. and Kimball, C. and King, P. J. and Kinley-Hanlon, M. and Kirchhoff, R. and Kissel, J. S. and Kleybolte, L. and Klimenko, S. and Knowles, T. D. and Knyazev, E. and Koch, P. and Koehlenbeck, S. M. and Koekoek, G. and Koley, S. and Kondrashov, V. and Kontos, A. and Koper, N. and Korobko, M. and Korth, W. Z. and Kovalam, M. and Kozak, D. B. and Kringel, V. and Krishnendu, N. V. and Królak, A. and Krupinski, N. and Kuehn, G. and Kumar, A. and Kumar, P. and Kumar, Rahul and Kumar, Rakesh and Kumar, S. and Kuo, L. and Kutynia, A. and Lackey, B. D. and Laghi, D. and Lalande, E. and Lam, T. L. and Lamberts, A. and Landry, M. and Lane, B. B. and Lang, R. N. and Lange, J. and Lantz, B. and Lanza, R. K. and La Rosa, I. and Lartaux-Vollard, A. and Lasky, P. D. and Laxen, M. and Lazzarini, A. and Lazzaro, C. and Leaci, P. and Leavey, S. and Lecoeuche, Y. K. and Lee, C. H. and Lee, H. M. and Lee, H. W. and Lee, J. and Lee, K. and Lehmann, J. and Leroy, N. and Letendre, N. and Levin, Y. and Li, A. K. Y. and Li, J. and {li}, K. and Li, T. G. F. and Li, X. and Linde, F. and Linker, S. D. and Linley, J. N. and Littenberg, T. B. and Liu, J. and Liu, X. and Llorens-Monteagudo, M. and Lo, R. K. L. and Lockwood, A. and London, L. T. and Longo, A. and Lorenzini, M. and Loriette, V. and Lormand, M. and Losurdo, G. and Lough, J. D. and Lousto, C. O. and Lovelace, G. and Lück, H. and Lumaca, D. and Lundgren, A. P. and Ma, Y. and Macas, R. and Macfoy, S. and MacInnis, M. and Macleod, D. M. and MacMillan, I. A. O. and Macquet, A. and Magaña Hernandez, I. and Magaña-Sandoval, F. and Magee, R. M. and Majorana, E. and Maksimovic, I. and Malik, A. and Man, N. and Mandic, V. and Mangano, V. and Mansell, G. L. and Manske, M. and Mantovani, M. and Mapelli, M. and Marchesoni, F. and Marion, F. and Márka, S. and Márka, Z. and Markakis, C. and Markosyan, A. S. and Markowitz, A. and Maros, E. and Marquina, A. and Marsat, S. and Martelli, F. and Martin, I. W. and Martin, R. M. and Martinez, V. and Martynov, D. V. and Masalehdan, H. and Mason, K. and Massera, E. and Masserot, A. and Massinger, T. J. and Masso-Reid, M. and Mastrogiovanni, S. and Matas, A. and Matichard, F. and Mavalvala, N. and Maynard, E. and McCann, J. J. and McCarthy, R. and McClelland, D. E. and McCormick, S. and McCuller, L. and McGuire, S. C. and McIsaac, C. and McIver, J. and McManus, D. J. and McRae, T. and McWilliams, S. T. and Meacher, D. and Meadors, G. D. and Mehmet, M. and Mehta, A. K. and Mejuto Villa, E. and Melatos, A. and Mendell, G. and Mercer, R. A. and Mereni, L. and Merfeld, K. and Merilh, E. L. and Merritt, J. D. and Merzougui, M. and Meshkov, S. and Messenger, C. and Messick, C. and Metzdorff, R. and Meyers, P. M. and Meylahn, F. and Mhaske, A. and Miani, A. and Miao, H. and Michaloliakos, I. and Michel, C. and Middleton, H. and Milano, L. and Miller, A. L. and Millhouse, M. and Mills, J. C. and Milotti, E. and Milovich-Goff, M. C. and Minazzoli, O. and Minenkov, Y. and Mishkin, A. and Mishra, C. and Mistry, T. and Mitra, S. and Mitrofanov, V. P. and Mitselmakher, G. and Mittleman, R. and Mo, G. and Mogushi, K. and Mohapatra, S. R. P. and Mohite, S. R. and Molina-Ruiz, M. and Mondin, M. and Montani, M. and Moore, C. J. and Moraru, D. and Morawski, F. and Moreno, G. and Morisaki, S. and Mours, B. and Mow-Lowry, C. M. and Mozzon, S. and Muciaccia, F. and Mukherjee, Arunava and Mukherjee, D. and Mukherjee, S. and Mukherjee, Subroto and Mukund, N. and Mullavey, A. and Munch, J. and Muñiz, E. A. and Murray, P. G. and Nagar, A. and Nardecchia, I. and Naticchioni, L. and Nayak, R. K. and Neil, B. F. and Neilson, J. and Nelemans, G. and Nelson, T. J. N. and Nery, M. and Neunzert, A. and Ng, K. Y. and Ng, S. and Nguyen, C. and Nguyen, P. and Nichols, D. and Nichols, S. A. and Nissanke, S. and Nitz, A. and Nocera, F. and Noh, M. and North, C. and Nothard, D. and Nuttall, L. K. and Oberling, J. and O’Brien, B. D. and Oganesyan, G. and Ogin, G. H. and Oh, J. J. and Oh, S. H. and Ohme, F. and Ohta, H. and Okada, M. A. and Oliver, M. and Olivetto, C. and Oppermann, P. and Oram, Richard J. and O’Reilly, B. and Ormiston, R. G. and Ortega, L. F. and O’Shaughnessy, R. and Ossokine, S. and Osthelder, C. and Ottaway, D. J. and Overmier, H. and Owen, B. J. and Pace, A. E. and Pagano, G. and Page, M. A. and Pagliaroli, G. and Pai, A. and Pai, S. A. and Palamos, J. R. and Palashov, O. and Palomba, C. and Pan, H. and Panda, P. K. and Pang, P. T. H. and Pankow, C. and Pannarale, F. and Pant, B. C. and Paoletti, F. and Paoli, A. and Parida, A. and Parker, W. and Pascucci, D. and Pasqualetti, A. and Passaquieti, R. and Passuello, D. and Patricelli, B. and Payne, E. and Pearlstone, B. L. and Pechsiri, T. C. and Pedersen, A. J. and Pedraza, M. and Pele, A. and Penn, S. and Perego, A. and Perez, C. J. and Périgois, C. and Perreca, A. and Perriès, S. and Petermann, J. and Pfeiffer, H. P. and Phelps, M. and Phukon, K. S. and Piccinni, O. J. and Pichot, M. and Piendibene, M. and Piergiovanni, F. and Pierro, V. and Pillant, G. and Pinard, L. and Pinto, I. M. and Piotrzkowski, K. and Pirello, M. and Pitkin, M. and Plastino, W. and Poggiani, R. and Pong, D. Y. T. and Ponrathnam, S. and Popolizio, P. and Porter, E. K. and Powell, J. and Prajapati, A. K. and Prasai, K. and Prasanna, R. and Pratten, G. and Prestegard, T. and Principe, M. and Prodi, G. A. and Prokhorov, L. and Punturo, M. and Puppo, P. and Pürrer, M. and Qi, H. and Quetschke, V. and Quinonez, P. J. and Raab, F. J. and Raaijmakers, G. and Radkins, H. and Radulesco, N. and Raffai, P. and Rafferty, H. and Raja, S. and Rajan, C. and Rajbhandari, B. and Rakhmanov, M. and Ramirez, K. E. and Ramos-Buades, A. and Rana, Javed and Rao, K. and Rapagnani, P. and Raymond, V. and Razzano, M. and Read, J. and Regimbau, T. and Rei, L. and Reid, S. and Reitze, D. H. and Rettegno, P. and Ricci, F. and Richardson, C. J. and Richardson, J. W. and Ricker, P. M. and Riemenschneider, G. and Riles, K. and Rizzo, M. and Robertson, N. A. and Robinet, F. and Rocchi, A. and Rodriguez-Soto, R. D. and Rolland, L. and Rollins, J. G. and Roma, V. J. and Romanelli, M. and Romano, R. and Romel, C. L. and Romero-Shaw, I. M. and Romie, J. H. and Rose, C. A. and Rose, D. and Rose, K. and Rosińska, D. and Rosofsky, S. G. and Ross, M. P. and Rowan, S. and Rowlinson, S. J. and Roy, P. K. and Roy, Santosh and Roy, Soumen and Ruggi, P. and Rutins, G. and Ryan, K. and Sachdev, S. and Sadecki, T. and Sakellariadou, M. and Salafia, O. S. and Salconi, L. and Saleem, M. and Salemi, F. and Samajdar, A. and Sanchez, E. J. and Sanchez, L. E. and Sanchis-Gual, N. and Sanders, J. R. and Santiago, K. A. and Santos, E. and Sarin, N. and Sassolas, B. and Sathyaprakash, B. S. and Sauter, O. and Savage, R. L. and Savant, V. and Sawant, D. and Sayah, S. and Schaetzl, D. and Schale, P. and Scheel, M. and Scheuer, J. and Schmidt, P. and Schnabel, R. and Schofield, R. M. S. and Schönbeck, A. and Schreiber, E. and Schulte, B. W. and Schutz, B. F. and Schwarm, O. and Schwartz, E. and Scott, J. and Scott, S. M. and Seidel, E. and Sellers, D. and Sengupta, A. S. and Sennett, N. and Sentenac, D. and Sequino, V. and Sergeev, A. and Setyawati, Y. and Shaddock, D. A. and Shaffer, T. and Sharifi, S. and Shahriar, M. S. and Sharma, A. and Sharma, P. and Shawhan, P. and Shen, H. and Shikauchi, M. and Shink, R. and Shoemaker, D. H. and Shoemaker, D. M. and Shukla, K. and ShyamSundar, S. and Siellez, K. and Sieniawska, M. and Sigg, D. and Singer, L. P. and Singh, D. and Singh, N. and Singha, A. and Singhal, A. and Sintes, A. M. and Sipala, V. and Skliris, V. and Slagmolen, B. J. J. and Slaven-Blair, T. J. and Smetana, J. and Smith, J. R. and Smith, R. J. E. and Somala, S. and Son, E. J. and Soni, S. and Sorazu, B. and Sordini, V. and Sorrentino, F. and Souradeep, T. and Sowell, E. and Spencer, A. P. and Spera, M. and Srivastava, A. K. and Srivastava, V. and Staats, K. and Stachie, C. and Standke, M. and Steer, D. A. and Steinke, M. and Steinlechner, J. and Steinlechner, S. and Steinmeyer, D. and Stevenson, S. and Stocks, D. and Stops, D. J. and Stover, M. and Strain, K. A. and Stratta, G. and Strunk, A. and Sturani, R. and Stuver, A. L. and Sudhagar, S. and Sudhir, V. and Summerscales, T. Z. and Sun, L. and Sunil, S. and Sur, A. and Suresh, J. and Sutton, P. J. and Swinkels, B. L. and Szczepańczyk, M. J. and Tacca, M. and Tait, S. C. and Talbot, C. and Tanasijczuk, A. J. and Tanner, D. B. and Tao, D. and Tápai, M. and Tapia, A. and Tapia San Martin, E. N. and Tasson, J. D. and Taylor, R. and Tenorio, R. and Terkowski, L. and Thirugnanasambandam, M. P. and Thomas, M. and Thomas, P. and Thompson, J. E. and Thondapu, S. R. and Thorne, K. A. and Thrane, E. and Tinsman, C. L. and Saravanan, T. R. and Tiwari, Shubhanshu and Tiwari, S. and Tiwari, V. and Toland, K. and Tonelli, M. and Tornasi, Z. and Torres-Forné, A. and Torrie, C. I. and Tosta e Melo, I. and Töyrä, D. and Travasso, F. and Traylor, G. and Tringali, M. C. and Tripathee, A. and Trovato, A. and Trudeau, R. J. and Tsang, K. W. and Tse, M. and Tso, R. and Tsukada, L. and Tsuna, D. and Tsutsui, T. and Turconi, M. and Ubhi, A. S. and Udall, R. and Ueno, K. and Ugolini, D. and Unnikrishnan, C. S. and Urban, A. L. and Usman, S. A. and Utina, A. C. and Vahlbruch, H. and Vajente, G. and Valdes, G. and Valentini, M. and van Bakel, N. and van Beuzekom, M. and van den Brand, J. F. J. and Van Den Broeck, C. and Vander-Hyde, D. C. and van der Schaaf, L. and Van Heijningen, J. V. and van Veggel, A. A. and Vardaro, M. and Varma, V. and Vass, S. and Vasúth, M. and Vecchio, A. and Vedovato, G. and Veitch, J. and Veitch, P. J. and Venkateswara, K. and Venugopalan, G. and Verkindt, D. and Veske, D. and Vetrano, F. and Viceré, A. and Viets, A. D. and Vinciguerra, S. and Vine, D. J. and Vinet, J.-Y. and Vitale, S. and Vivanco, Francisco Hernandez and Vo, T. and Vocca, H. and Vorvick, C. and Vyatchanin, S. P. and Wade, A. R. and Wade, L. E. and Wade, M. and Walet, R. and Walker, M. and Wallace, G. S. and Wallace, L. and Walsh, S. and Wang, J. Z. and Wang, S. and Wang, W. H. and Ward, R. L. and Warden, Z. A. and Warner, J. and Was, M. and Watchi, J. and Weaver, B. and Wei, L.-W. and Weinert, M. and Weinstein, A. J. and Weiss, R. and Wellmann, F. and Wen, L. and Weßels, P. and Westhouse, J. W. and Wette, K. and Whelan, J. T. and Whiting, B. F. and Whittle, C. and Wilken, D. M. and Williams, D. and Willis, J. L. and Willke, B. and Winkler, W. and Wipf, C. C. and Wittel, H. and Woan, G. and Woehler, J. and Wofford, J. K. and Wong, I. C. F. and Wright, J. L. and Wu, D. S. and Wysocki, D. M. and Xiao, L. and Yamamoto, H. and Yang, L. and Yang, Y. and Yang, Z. and Yap, M. J. and Yazback, M. and Yeeles, D. W. and Yu, Hang and Yu, Haocun and Yuen, S. H. R. and Zadrożny, A. K. and Zadrożny, A. and Zanolin, M. and Zelenova, T. and Zendri, J.-P. and Zevin, M. and Zhang, J. and Zhang, L. and Zhang, T. and Zhao, C. and Zhao, G. and Zhou, M. and Zhou, Z. and Zhu, X. J. and Zimmerman, A. B. and Zucker, M. E. and Zweizig, J.},
  date = {2020-09-02},
  journaltitle = {Physical Review Letters},
  shortjournal = {Phys. Rev. Lett.},
  volume = {125},
  pages = {101102},
  publisher = {{American Physical Society}},
  doi = {10.1103/PhysRevLett.125.101102},
  url = {https://link.aps.org/doi/10.1103/PhysRevLett.125.101102},
  urldate = {2020-09-02},
  abstract = {On May 21, 2019 at 03:02:29 UTC Advanced LIGO and Advanced Virgo observed a short duration gravitational-wave signal, GW190521, with a three-detector network signal-to-noise ratio of 14.7, and an estimated false-alarm rate of 1 in 4900 yr using a search sensitive to generic transients. If GW190521 is from a quasicircular binary inspiral, then the detected signal is consistent with the merger of two black holes with masses of 85+21−14 M⊙ and 66+17−18 M⊙ (90\% credible intervals). We infer that the primary black hole mass lies within the gap produced by (pulsational) pair-instability supernova processes, with only a 0.32\% probability of being below 65 M⊙. We calculate the mass of the remnant to be 142+28−16 M⊙, which can be considered an intermediate mass black hole (IMBH). The luminosity distance of the source is 5.3+2.4−2.6 Gpc, corresponding to a redshift of 0.82+0.28−0.34. The inferred rate of mergers similar to GW190521 is 0.13+0.30−0.11 Gpc−3 yr−1.},
  file = {/home/jacopo/zotero/storage/TGI92U4S/LIGO Scientific Collaboration and Virgo Collaboration et al. - 2020 - GW190521 A Binary Black Hole Merger with a Total .pdf;/home/jacopo/zotero/storage/3A38LHXG/PhysRevLett.125.html},
  number = {10},
  options = {useprefix=true}
}

@book{maggioreGravitationalWavesVolume2007,
  title = {Gravitational {{Waves}}: {{Volume}} 1: {{Theory}} and {{Experiments}}},
  shorttitle = {Gravitational {{Waves}}},
  author = {Maggiore, Michele},
  date = {2007-11-24},
  edition = {1 edition},
  publisher = {{Oxford University Press}},
  location = {{Oxford}},
  abstract = {The aim of this book is to become THE reference text for gravitational-wave physics, covering in detail both the experimental and the theoretical aspects. It is he only existing book on gravitational waves, and it will likely remain unique for its broadeness and scope. It brings the reader to the forefront of present-day research, both theoretical and experimental, assuming no previous knowledge of gravitational-wave physics. Part I of this volume is devoted to the theory of gravitational waves. Here we have rederived - in a coherent way - most of the results that we present, clarifying or streamlining existing derivations. Part II is devoted to a description of experimental GW physics. We discuss in great detail exisiting and planned experiments, as well as data analysis techniques.},
  file = {/home/jacopo/zotero/storage/3KQXNB2L/Maggiore - 2007 - Gravitational Waves Volume 1 Theory and Experime.pdf},
  isbn = {978-0-19-857074-5},
  langid = {english},
  pagetotal = {576}
}

@book{maggioreGravitationalWavesVolume2018,
  title = {Gravitational {{Waves}}: {{Volume}} 2: {{Astrophysics}} and {{Cosmology}}},
  shorttitle = {Gravitational {{Waves}}},
  author = {Maggiore, Michele},
  date = {2018-05-22},
  publisher = {{Oxford University Press}},
  location = {{Oxford}},
  abstract = {The two-volume book Gravitational Waves provides a comprehensive and detailed account of the physics of gravitational waves. While Volume 1 is devoted to the theory and experiments, Volume 2 discusses what can be learned from gravitational waves in astrophysics and in cosmology, by systematizing a large body of theoretical developments that have taken place over the last decades. The second volume also includes a detailed discussion of the first direct detections of gravitational waves. In the author's typical style, the theoretical results are generally derived afresh, clarifying or streamlining the existing derivations whenever possible, and providing a coherent and consistent picture of the field. The first volume of Gravitational Waves , which appeared in 2007, has established itself as the standard reference in the field. The scientific community has eagerly awaited this second volume. The recent direct detection of gravitational waves makes the topics in this book particularly timely.},
  file = {/home/jacopo/zotero/storage/LKPSGKDN/Maggiore - 2018 - Gravitational Waves Volume 2 Astrophysics and Co.pdf},
  isbn = {978-0-19-857089-9},
  langid = {english},
  pagetotal = {848}
}

@article{mooreGravitationalwaveSensitivityCurves2015,
  ids = {mooreGravitationalwaveSensitivityCurves2014,mooreGravitationalwaveSensitivityCurves2015a,mooreGravitationalwaveSensitivityCurves2015b},
  title = {Gravitational-Wave Sensitivity Curves},
  author = {Moore, Christopher J. and Cole, Robert H. and Berry, Christopher P. L.},
  date = {2015-01-08},
  journaltitle = {Classical and Quantum Gravity},
  shortjournal = {Class. Quantum Grav.},
  volume = {32},
  pages = {015014},
  publisher = {{IOP Publishing}},
  issn = {0264-9381, 1361-6382},
  doi = {10.1088/0264-9381/32/1/015014},
  url = {http://arxiv.org/abs/1408.0740},
  urldate = {2020-04-19},
  abstract = {There are several common conventions in use by the gravitational-wave community to describe the amplitude of sources and the sensitivity of detectors. These are frequently confused. We outline the merits of and differences between the various quantities used for parameterizing noise curves and characterizing gravitational-wave amplitudes. We conclude by producing plots that consistently compare different detectors. Similar figures can be generated on-line for general use at \textbackslash url\{http://rhcole.com/apps/GWplotter\}.},
  archiveprefix = {arXiv},
  eprint = {1408.0740},
  eprinttype = {arxiv},
  file = {/home/jacopo/zotero/storage/FJKMSZPM/Moore et al_2015_Gravitational-wave sensitivity curves.pdf;/home/jacopo/zotero/storage/VMC4LSBR/Moore et al_2015_Gravitational-wave sensitivity curves.pdf;/home/jacopo/zotero/storage/P8SF33RI/1408.html;/home/jacopo/zotero/storage/UKX6PIS9/1408.html},
  keywords = {Astrophysics - High Energy Astrophysical Phenomena,General Relativity and Quantum Cosmology},
  number = {1}
}

@article{petersGravitationalRadiationPoint1963,
  ids = {petersGravitationalRadiationPoint1963a},
  title = {Gravitational {{Radiation}} from {{Point Masses}} in a {{Keplerian Orbit}}},
  author = {Peters, P. C. and Mathews, J.},
  date = {1963-07-01},
  journaltitle = {Physical Review},
  shortjournal = {Phys. Rev.},
  volume = {131},
  pages = {435--440},
  publisher = {{American Physical Society}},
  issn = {0031-899X},
  doi = {10.1103/PhysRev.131.435},
  url = {https://link.aps.org/doi/10.1103/PhysRev.131.435},
  urldate = {2021-04-04},
  langid = {english},
  number = {1}
}

@article{pitkinGravitationalWaveDetection2011,
  title = {Gravitational {{Wave Detection}} by {{Interferometry}} ({{Ground}} and {{Space}})},
  author = {Pitkin, Matthew and Reid, Stuart and Rowan, Sheila and Hough, Jim},
  date = {2011-12},
  journaltitle = {Living Reviews in Relativity},
  shortjournal = {Living Rev. Relativ.},
  volume = {14},
  pages = {5},
  issn = {2367-3613, 1433-8351},
  doi = {10.12942/lrr-2011-5},
  url = {http://link.springer.com/10.12942/lrr-2011-5},
  urldate = {2021-04-04},
  file = {/home/jacopo/zotero/storage/TS44CGLD/Pitkin et al_2011_Gravitational Wave Detection by Interferometry (Ground and Space).pdf},
  langid = {english},
  number = {1}
}

@article{reggeStabilitySchwarzschildSingularity1957,
  title = {Stability of a {{Schwarzschild Singularity}}},
  author = {Regge, Tullio and Wheeler, John A.},
  date = {1957-11-15},
  journaltitle = {Physical Review},
  shortjournal = {Phys. Rev.},
  volume = {108},
  pages = {1063--1069},
  issn = {0031-899X},
  doi = {10.1103/PhysRev.108.1063},
  url = {https://link.aps.org/doi/10.1103/PhysRev.108.1063},
  urldate = {2021-04-04},
  langid = {english},
  number = {4}
}

@article{salcidoMusicHeavensGravitational2016,
  title = {Music from the Heavens - {{Gravitational}} Waves from Supermassive Black Hole Mergers in the {{EAGLE}} Simulations},
  author = {Salcido, Jaime and Bower, Richard G. and Theuns, Tom and McAlpine, Stuart and Schaller, Matthieu and Crain, Robert A. and Schaye, Joop and Regan, John},
  date = {2016-08-16},
  journaltitle = {Monthly Notices of the Royal Astronomical Society},
  shortjournal = {Mon. Not. R. Astron. Soc.},
  volume = {463},
  pages = {870--885},
  issn = {0035-8711, 1365-2966},
  doi = {10.1093/mnras/stw2048},
  url = {http://arxiv.org/abs/1601.06156},
  urldate = {2021-03-11},
  abstract = {We estimate the expected event rate of gravitational wave signals from mergers of supermassive black holes that could be resolved by a space-based interferometer, such as the Evolved Laser Interferometer Space Antenna (eLISA), utilising the reference cosmological hydrodynamical simulation from the EAGLE suite. These simulations assume a \$\textbackslash Lambda\$CDM cosmogony with state-of-the-art subgrid models for radiative cooling, star formation, stellar mass loss, and feedback from stars and accreting black holes. They have been shown to reproduce the observed galaxy population with unprecedented fidelity. We combine the merger rates of supermassive black holes in EAGLE with the latest phenomenological waveform models to calculate the gravitational waves signals from the intrinsic parameters of the merging black holes. The EAGLE models predict \$\textbackslash sim2\$ detections per year by a gravitational wave detector such as eLISA. We find that these signals are largely dominated by mergers between seed mass black holes merging at redshifts between \$z\textbackslash sim2\$ and \$z\textbackslash sim1\$. In order to investigate the dependence on the assumed black hole seed mass, we introduce an additional model with a black hole seed mass an order of magnitude smaller than in our reference model. We also consider a variation of the reference model where a prescription for the expected delays in the black hole merger timescale has been included after their host galaxies merge. We find that the merger rate is similar in all models, but that the initial black hole seed mass could be distinguished through their detected gravitational waveforms. Hence, the characteristic gravitational wave signals detected by eLISA will provide profound insight into the origin of supermassive black holes and the initial mass distribution of black hole seeds.},
  archiveprefix = {arXiv},
  eprint = {1601.06156},
  eprinttype = {arxiv},
  file = {/home/jacopo/zotero/storage/TCW7EEJU/Salcido et al_2016_Music from the heavens - Gravitational waves from supermassive black hole.pdf;/home/jacopo/zotero/storage/XNCP96T2/1601.html},
  keywords = {Astrophysics - Astrophysics of Galaxies,Astrophysics - Cosmology and Nongalactic Astrophysics,Astrophysics - Instrumentation and Methods for Astrophysics},
  number = {1}
}

@article{sathyaprakashPhysicsAstrophysicsCosmology2009,
  title = {Physics, {{Astrophysics}} and {{Cosmology}} with {{Gravitational Waves}}},
  author = {Sathyaprakash, B. S. and Schutz, Bernard F.},
  date = {2009-12},
  journaltitle = {Living Reviews in Relativity},
  shortjournal = {Living Rev. Relativ.},
  volume = {12},
  pages = {2},
  issn = {2367-3613, 1433-8351},
  doi = {10.12942/lrr-2009-2},
  url = {http://link.springer.com/10.12942/lrr-2009-2},
  urldate = {2021-04-04},
  langid = {english},
  number = {1}
}

@article{verbiestInternationalPulsarTiming2016,
  title = {The {{International Pulsar Timing Array}}: {{First Data Release}}},
  shorttitle = {The {{International Pulsar Timing Array}}},
  author = {Verbiest, J. P. W. and Lentati, L. and Hobbs, G. and van Haasteren, R. and Demorest, P. B. and Janssen, G. H. and Wang, J.-B. and Desvignes, G. and Caballero, R. N. and Keith, M. J. and Champion, D. J. and Arzoumanian, Z. and Babak, S. and Bassa, C. G. and Bhat, N. D. R. and Brazier, A. and Brem, P. and Burgay, M. and Burke-Spolaor, S. and Chamberlin, S. J. and Chatterjee, S. and Christy, B. and Cognard, I. and Cordes, J. M. and Dai, S. and Dolch, T. and Ellis, J. A. and Ferdman, R. D. and Fonseca, E. and Gair, J. R. and Garver-Daniels, N. E. and Gentile, P. and Gonzalez, M. E. and Graikou, E. and Guillemot, L. and Hessels, J. W. T. and Jones, G. and Karuppusamy, R. and Kerr, M. and Kramer, M. and Lam, M. T. and Lasky, P. D. and Lassus, A. and Lazarus, P. and Lazio, T. J. W. and Lee, K. J. and Levin, L. and Liu, K. and Lynch, R. S. and Lyne, A. G. and Mckee, J. and McLaughlin, M. A. and McWilliams, S. T. and Madison, D. R. and Manchester, R. N. and Mingarelli, C. M. F. and Nice, D. J. and Oslowski, S. and Palliyaguru, N. T. and Pennucci, T. T. and Perera, B. B. P. and Perrodin, D. and Possenti, A. and Petiteau, A. and Ransom, S. M. and Reardon, D. and Rosado, P. A. and Sanidas, S. A. and Sesana, A. and Shaifullah, G. and Shannon, R. M. and Siemens, X. and Simon, J. and Smits, R. and Spiewak, R. and Stairs, I. H. and Stappers, B. W. and Stinebring, D. R. and Stovall, K. and Swiggum, J. K. and Taylor, S. R. and Theureau, G. and Tiburzi, C. and Toomey, L. and Vallisneri, M. and van Straten, W. and Vecchio, A. and Wang, Y. and Wen, L. and You, X. P. and Zhu, W. W. and Zhu, X.-J.},
  date = {2016-05-11},
  journaltitle = {Monthly Notices of the Royal Astronomical Society},
  shortjournal = {Mon. Not. R. Astron. Soc.},
  volume = {458},
  pages = {1267--1288},
  issn = {0035-8711, 1365-2966},
  doi = {10.1093/mnras/stw347},
  url = {http://arxiv.org/abs/1602.03640},
  urldate = {2021-04-16},
  abstract = {The highly stable spin of neutron stars can be exploited for a variety of (astro-)physical investigations. In particular arrays of pulsars with rotational periods of the order of milliseconds can be used to detect correlated signals such as those caused by gravitational waves. Three such "Pulsar Timing Arrays" (PTAs) have been set up around the world over the past decades and collectively form the "International" PTA (IPTA). In this paper, we describe the first joint analysis of the data from the three regional PTAs, i.e. of the first IPTA data set. We describe the available PTA data, the approach presently followed for its combination and suggest improvements for future PTA research. Particular attention is paid to subtle details (such as underestimation of measurement uncertainty and long-period noise) that have often been ignored but which become important in this unprecedentedly large and inhomogeneous data set. We identify and describe in detail several factors that complicate IPTA research and provide recommendations for future pulsar timing efforts. The first IPTA data release presented here (and available online) is used to demonstrate the IPTA's potential of improving upon gravitational-wave limits placed by individual PTAs by a factor of \textasciitilde 2 and provides a 2-sigma limit on the dimensionless amplitude of a stochastic GWB of 1.7x10\^\{-15\} at a frequency of 1 yr\^\{-1\}. This is 1.7 times less constraining than the limit placed by (Shannon et al. 2015), due mostly to the more recent, high-quality data they used.},
  archiveprefix = {arXiv},
  eprint = {1602.03640},
  eprinttype = {arxiv},
  file = {/home/jacopo/zotero/storage/LIKQRYVE/Verbiest et al_2016_The International Pulsar Timing Array.pdf;/home/jacopo/zotero/storage/K4T5BA7B/1602.html},
  keywords = {Astrophysics - Instrumentation and Methods for Astrophysics},
  number = {2},
  options = {useprefix=true}
}

@article{westerweckLowSignificanceEvidence2018,
  title = {Low Significance of Evidence for Black Hole Echoes in Gravitational Wave Data},
  author = {Westerweck, Julian and Nielsen, Alex B. and Fischer-Birnholtz, Ofek and Cabero, Miriam and Capano, Collin and Dent, Thomas and Krishnan, Badri and Meadors, Grant and Nitz, Alexander H.},
  date = {2018-06-15},
  journaltitle = {Physical Review D},
  shortjournal = {Phys. Rev. D},
  volume = {97},
  pages = {124037},
  publisher = {{American Physical Society}},
  doi = {10.1103/PhysRevD.97.124037},
  url = {https://link.aps.org/doi/10.1103/PhysRevD.97.124037},
  urldate = {2020-04-21},
  abstract = {Recent detections of merging black holes allow observational tests of the nature of these objects. In some proposed models, nontrivial structure at or near the black hole horizon could lead to echo signals in gravitational wave data. Recently, Abedi-Dykaar-Afshordi (ADA) claimed tentative evidence for repeating damped echo signals following the gravitational-wave signals of the binary black hole merger events recorded in the first observational period of the Advanced LIGO interferometers. We reanalyze the same data, addressing some of the shortcomings of their method using more background data and a modified procedure. We find a reduced statistical significance for the claims of evidence for echoes, calculating increased p-values for the null hypothesis of echo-free noise. The reduced significance is entirely consistent with noise, and so we conclude that the analysis of Abedi et al. does not provide any observational evidence for the existence of Planck-scale structure at black hole horizons.},
  file = {/home/jacopo/zotero/storage/IACHE8RS/Westerweck et al. - 2018 - Low significance of evidence for black hole echoes.pdf;/home/jacopo/zotero/storage/PRW28NHR/PhysRevD.97.html},
  number = {12}
}

@online{youStandardsirenCosmologyUsing2020,
  title = {Standard-Siren Cosmology Using Gravitational Waves from Binary Black Holes},
  author = {You, Zhi-Qiang and Zhu, Xing-Jiang and Ashton, Gregory and Thrane, Eric and Zhu, Zong-Hong},
  date = {2020-12-15},
  doi = {10.3847/1538-4357/abd4d4},
  url = {http://arxiv.org/abs/2004.00036},
  urldate = {2021-04-12},
  abstract = {Gravitational-wave astronomy provides a unique new way to study the expansion history of the Universe. In this work, we investigate the impact future gravitational-wave observatories will have on cosmology. Third-generation observatories like the Einstein Telescope and Cosmic Explorer will be sensitive to essentially all of the binary black hole coalescence events in the Universe. Recent work by \textbackslash cite\{farr2019future\} points out that features in the stellar-mass black hole population break the mass-redshift degeneracy, facilitating precise determination of the Hubble parameter without electromagnetic counterparts or host galaxy catalogues. Using a hierarchical Bayesian inference model, we show that with one year of observations by the Einstein Telescope, the Hubble constant will be measured to \$\textbackslash lesssim 1\textbackslash\%\$. We also show that this method can be used to perform Bayesian model selection between cosmological models. As an illustrative example, we find that a decisive statement can be made comparing the \$\textbackslash Lambda\$CDM and RHCT cosmological models using two weeks of data from the Einstein Telescope.},
  archiveprefix = {arXiv},
  eprint = {2004.00036},
  eprinttype = {arxiv},
  file = {/home/jacopo/zotero/storage/KJGPX6Y5/You et al_2020_Standard-siren cosmology using gravitational waves from binary black holes.pdf;/home/jacopo/zotero/storage/SIQHICVA/2004.html},
  keywords = {Astrophysics - Cosmology and Nongalactic Astrophysics},
  primaryclass = {astro-ph}
}


