
@online{200313758NonEuclidean,
  title = {[2003.13758] {{A}} Non-{{Euclidean}} Story or: How to Persist When Your Geometry Doesn't},
  url = {https://arxiv.org/abs/2003.13758},
  urldate = {2020-04-01},
  file = {/home/jacopo/zotero/storage/2BZJQRQH/2003.html}
}

@article{abediEchoesAbyssHighly2019,
  title = {Echoes from the {{Abyss}}: {{A}} Highly Spinning Black Hole Remnant for the Binary Neutron Star Merger {{GW170817}}},
  shorttitle = {Echoes from the {{Abyss}}},
  author = {Abedi, Jahed and Afshordi, Niayesh},
  date = {2019-11-13},
  journaltitle = {Journal of Cosmology and Astroparticle Physics},
  shortjournal = {J. Cosmol. Astropart. Phys.},
  volume = {2019},
  pages = {010--010},
  issn = {1475-7516},
  doi = {10.1088/1475-7516/2019/11/010},
  url = {http://arxiv.org/abs/1803.10454},
  urldate = {2020-04-10},
  abstract = {The first direct observation of a binary neutron star (BNS) merger was a watershed moment in multi-messenger astronomy. However, gravitational waves from GW170817 have only been observed prior to the BNS merger, but electromagnetic observations all follow the merger event. While post-merger gravitational wave signal in general relativity is too faint (given current detector sensitivities), here we present the first tentative detection of post-merger gravitational wave "echoes" from a highly spinning "black hole" remnant. The echoes may be expected in different models of quantum black holes that replace event horizons by exotic Planck-scale structure and tentative evidence for them has been found in binary black hole merger events. The fact that the echo frequency is suppressed by \$\textbackslash log M\$ (in Planck units) puts it squarely in the LIGO sensitivity window, allowing us to build an optimal model-agnostic search strategy via cross-correlating the two detectors in frequency/time. We find a tentative detection of echoes at \$f\_\{\textbackslash rm echo\} \textbackslash simeq 72\$ Hz, around 1.0 sec after the BNS merger, consistent with a 2.6-2.7 \$M\_\textbackslash odot\$ "black hole" remnant with dimensionless spin \$0.84-0.87\$. Accounting for all the "look-elsewhere" effects, we find a significance of \$4.2 \textbackslash sigma\$, or a false alarm probability of \$1.6\textbackslash times 10\^\{-5\}\$, i.e. a similar cross-correlation within the expected frequency/time window after the merger cannot be found more than 4 times in 3 days. If confirmed, this finding will have significant consequences for both physics of quantum black holes and astrophysics of binary neutron star mergers [Note added: This result is independently confirmed by arXiv:1901.04138, who use the electromagnetic observations to infer \$t\_\{\textbackslash rm coll\}=0.98\^\{+0.31\}\_\{-0.26\}\$ sec for black hole formation].},
  archiveprefix = {arXiv},
  eprint = {1803.10454},
  eprinttype = {arxiv},
  file = {/home/jacopo/zotero/storage/B3D2RVZL/Abedi and Afshordi - 2019 - Echoes from the Abyss A highly spinning black hol.pdf;/home/jacopo/zotero/storage/U2WAY2AX/1803.html},
  keywords = {Astrophysics - High Energy Astrophysical Phenomena,General Relativity and Quantum Cosmology,High Energy Physics - Theory},
  note = {Comment: 2019 Buchalter Cosmology First Prize, Dedicated to the memories of Stephen Hawking and Joe Polchinski, Matches the version published in JCAP + added note regarding confirmation by electromagnetic observations},
  number = {11}
}

@online{abediEchoesAbyssStatus2020,
  title = {Echoes from the {{Abyss}}: {{A Status Update}}},
  shorttitle = {Echoes from the {{Abyss}}},
  author = {Abedi, Jahed and Afshordi, Niayesh},
  date = {2020-01-03},
  url = {http://arxiv.org/abs/2001.00821},
  urldate = {2020-04-08},
  abstract = {Gravitational wave echoes provide our most direct and surprising observational window into quantum nature of black holes. Three years ago, the first search for echoes from Planck-scale modifications of general relativity near black hole event horizons led to tentative evidence at false detection probability of 1\textbackslash\% arXiv:1612.00266 . The study introduced a naive phenomenological model and used the public data release by the Advanced LIGO gravitational wave observatory for the first observing run O1 (GW150914, GW151226, and LVT151012, now GW151012). Here, we provide a status update on various observational searches for echoes by independent groups, and argue that they can all be consistent if echoes are most prominent at lower frequencies and/or in binary mergers of more extreme mass ratio. We also point out that the only reported "detection" of echoes (with \${$>$}4\textbackslash sigma\$ confidence) at 1.0 second after the binary neutron star merger GW170817 arXiv:1803.10454 is coincident with the formation time of the black hole inferred from electromagnetic observations.},
  archiveprefix = {arXiv},
  eprint = {2001.00821},
  eprinttype = {arxiv},
  file = {/home/jacopo/zotero/storage/IRXQVPDP/Abedi and Afshordi - 2020 - Echoes from the Abyss A Status Update.pdf;/home/jacopo/zotero/storage/R2GUFL4C/2001.html},
  keywords = {Astrophysics - Cosmology and Nongalactic Astrophysics,Astrophysics - High Energy Astrophysical Phenomena,General Relativity and Quantum Cosmology},
  note = {Comment: 8 pages, 6 figures, comments are welcome!},
  primaryclass = {astro-ph, physics:gr-qc}
}

@article{abediEchoesAbyssTentative2017,
  title = {Echoes from the {{Abyss}}: {{Tentative}} Evidence for {{Planck}}-Scale Structure at Black Hole Horizons},
  shorttitle = {Echoes from the {{Abyss}}},
  author = {Abedi, Jahed and Dykaar, Hannah and Afshordi, Niayesh},
  date = {2017-10-26},
  journaltitle = {Physical Review D},
  shortjournal = {Phys. Rev. D},
  volume = {96},
  pages = {082004},
  issn = {2470-0010, 2470-0029},
  doi = {10.1103/PhysRevD.96.082004},
  url = {http://arxiv.org/abs/1612.00266},
  urldate = {2020-04-08},
  abstract = {In classical General Relativity (GR), an observer falling into an astrophysical black hole is not expected to experience anything dramatic as she crosses the event horizon. However, tentative resolutions to problems in quantum gravity, such as the cosmological constant problem, or the black hole information paradox, invoke significant departures from classicality in the vicinity of the horizon. It was recently pointed out that such near-horizon structures can lead to late-time echoes in the black hole merger gravitational wave signals that are otherwise indistinguishable from GR. We search for observational signatures of these echoes in the gravitational wave data released by advanced Laser Interferometer Gravitational-Wave Observatory (LIGO), following the three black hole merger events GW150914, GW151226, and LVT151012. In particular, we look for repeating damped echoes with time-delays of \$8 M \textbackslash log M\$ (+spin corrections, in Planck units), corresponding to Planck-scale departures from GR near their respective horizons. Accounting for the "look elsewhere" effect due to uncertainty in the echo template, we find tentative evidence for Planck-scale structure near black hole horizons at false detection probability of \$1\textbackslash\%\$ (corresponding to \$2.5\textbackslash sigma\$ significance level). Future observations from interferometric detectors at higher sensitivity, along with more physical echo templates, will be able to confirm (or rule out) this finding, providing possible empirical evidence for alternatives to classical black holes, such as in \$\{\textbackslash it firewall\}\$ or \$\{\textbackslash it fuzzball\}\$ paradigms.},
  archiveprefix = {arXiv},
  eprint = {1612.00266},
  eprinttype = {arxiv},
  file = {/home/jacopo/zotero/storage/PPTD3BFI/Abedi et al. - 2017 - Echoes from the Abyss Tentative evidence for Plan.pdf;/home/jacopo/zotero/storage/GBUPYWVA/1612.html},
  keywords = {Astrophysics - High Energy Astrophysical Phenomena,General Relativity and Quantum Cosmology,High Energy Physics - Theory},
  note = {Comment: 13 pages, 13 figures, 2 tables, Extended discussions, PRD in press},
  number = {8}
}

@online{ashtonCommentsEchoesAbyss2016,
  title = {Comments on: "{{Echoes}} from the Abyss: {{Evidence}} for {{Planck}}-Scale Structure at Black Hole Horizons"},
  shorttitle = {Comments On},
  author = {Ashton, Gregory and Birnholtz, Ofek and Cabero, Miriam and Capano, Collin and Dent, Thomas and Krishnan, Badri and Meadors, Grant David and Nielsen, Alex B. and Nitz, Alex and Westerweck, Julian},
  date = {2016-12-16},
  url = {http://arxiv.org/abs/1612.05625},
  urldate = {2020-07-28},
  abstract = {Recently, Abedi, Dykaar and Afshordi claimed evidence for a repeating damped echo signal following the binary black hole merger gravitational-wave events recorded in the first observational period of the Advanced LIGO interferometers. We discuss the methods of data analysis and significance estimation leading to this claim, and identify several important shortcomings. We conclude that their analysis does not provide significant observational evidence for the existence of Planck-scale structure at black hole horizons, and suggest renewed analysis correcting for these shortcomings.},
  archiveprefix = {arXiv},
  eprint = {1612.05625},
  eprinttype = {arxiv},
  file = {/home/jacopo/zotero/storage/K38L9MW8/Ashton et al. - 2016 - Comments on Echoes from the abyss Evidence for .pdf;/home/jacopo/zotero/storage/SXWQSTSQ/1612.html},
  keywords = {Astrophysics - Instrumentation and Methods for Astrophysics,General Relativity and Quantum Cosmology},
  primaryclass = {astro-ph, physics:gr-qc}
}

@article{bartoloProbingNonGaussianStochastic2018,
  title = {Probing Non-{{Gaussian Stochastic Gravitational Wave Backgrounds}} with {{LISA}}},
  author = {Bartolo, Nicola and Domcke, Valerie and Figueroa, Daniel G. and Garcia-Bellido, Juan and Peloso, Marco and Pieroni, Mauro and Ricciardone, Angelo and Sakellariadou, Mairi and Sorbo, Lorenzo and Tasinato, Gianmassimo},
  date = {2018-11-21},
  journaltitle = {Journal of Cosmology and Astroparticle Physics},
  shortjournal = {J. Cosmol. Astropart. Phys.},
  volume = {2018},
  pages = {034--034},
  issn = {1475-7516},
  doi = {10.1088/1475-7516/2018/11/034},
  url = {http://arxiv.org/abs/1806.02819},
  urldate = {2020-03-04},
  abstract = {The stochastic gravitational wave background (SGWB) contains a wealth of information on astrophysical and cosmological processes. A major challenge of upcoming years will be to extract the information contained in this background and to disentangle the contributions of different sources. In this paper we provide the formalism to extract, from the correlation of three signals in the Laser Interferometer Space Antenna (LISA), information about the tensor three-point function, which characterizes the non-Gaussian properties of the SGWB. This observable can be crucial to discriminate whether a SGWB has a primordial or astrophysical origin. Compared to the two-point function, the SGWB three-point function has a richer dependence on the gravitational wave momenta and chiralities. It can be used therefore as a powerful discriminator between different models. For the first time we provide the response functions of LISA to a general SGWB three-point function. As examples, we study in full detail the cases of an equilateral and squeezed SGWB bispectra, and provide the explicit form of the response functions, ready to be convoluted with any theoretical prediction of the bispectrum to obtain the observable signal. We further derive the optimal estimator to compute the signal-to-noise ratio. Our formalism covers general shapes of non-Gaussianity, and can be extended straightaway to other detector geometries. Finally, we provide a short overview of models of the early universe that can give rise to a non-Gaussian SGWB.},
  archiveprefix = {arXiv},
  eprint = {1806.02819},
  eprinttype = {arxiv},
  file = {/home/jacopo/zotero/storage/LD4AL8LE/Bartolo et al. - 2018 - Probing non-Gaussian Stochastic Gravitational Wave.pdf;/home/jacopo/zotero/storage/3VXE8A45/1806.html},
  keywords = {Astrophysics - Cosmology and Nongalactic Astrophysics,General Relativity and Quantum Cosmology},
  note = {Comment: Corrections added in the 3-point response function(s); Note added to discuss observability of the non-Gaussian signal; 33 pages + appendices, 5 Figures},
  number = {11}
}

@article{calcagniQuantumGravityGravitationalwave2019,
  title = {Quantum Gravity and Gravitational-Wave Astronomy},
  author = {Calcagni, Gianluca and Kuroyanagi, Sachiko and Marsat, Sylvain and Sakellariadou, Mairi and Tamanini, Nicola and Tasinato, Gianmassimo},
  date = {2019-10-04},
  journaltitle = {Journal of Cosmology and Astroparticle Physics},
  shortjournal = {J. Cosmol. Astropart. Phys.},
  volume = {2019},
  pages = {012--012},
  issn = {1475-7516},
  doi = {10.1088/1475-7516/2019/10/012},
  url = {http://arxiv.org/abs/1907.02489},
  urldate = {2020-04-28},
  abstract = {We investigate possible signatures of quantum gravity which could be tested with current and future gravitational-wave (GW) observations. In particular, we analyze how quantum gravity can influence the GW luminosity distance, the time dependence of the effective Planck mass and the instrumental strain noise of interferometers. Using both model-dependent and model-independent formulae, we show that these quantities can encode a non-perturbative effect typical of all quantum-gravity theories, namely the way the dimension of spacetime changes with the probed scale. Effects associated with such dimensional flow might be tested with GW observations and constrained significantly in theories with a microscopically discrete spacetime geometry, more strongly than from propagation-speed constraints. Making use of public LIGO data as well as of a simulated higher-redshift LISA source, we impose the first, respectively, actual and mock constraints on quantum-gravity parameters affecting the GW luminosity distance and discuss specific theoretical examples. If also the Newtonian potential is modified but light geodesics are not, then solar-system bounds may be stronger than GW ones. Yet, for some theories GW astronomy can give unique information not available from solar-system tests.},
  archiveprefix = {arXiv},
  eprint = {1907.02489},
  eprinttype = {arxiv},
  file = {/home/jacopo/zotero/storage/WLZUSHEA/Calcagni et al. - 2019 - Quantum gravity and gravitational-wave astronomy.pdf;/home/jacopo/zotero/storage/67J8P9HA/1907.html},
  keywords = {Astrophysics - Cosmology and Nongalactic Astrophysics,General Relativity and Quantum Cosmology,High Energy Physics - Theory},
  note = {Comment: 1+59 pages, 5 figures, 5 tables. v2: introduction expanded, minor corrections},
  number = {10}
}

@book{hartleGravityIntroductionEinstein2014,
  title = {Gravity -  {{Introduction}} to {{Einstein}}'s {{General Relativity}}},
  author = {Hartle, J. B.},
  date = {2014},
  file = {/home/jacopo/zotero/storage/U33GU8M6/Hartle - Gravity_ Introduction to Einstein's General Relativity.pdf}
}

@book{hobsonGeneralRelativityIntroduction2006a,
  title = {General {{Relativity}}: {{An Introduction}} for {{Physicists}}},
  shorttitle = {General {{Relativity}}},
  author = {Hobson, M. P. and Efstathiou, G. P. and Lasenby, A. N.},
  date = {2006-03-27},
  edition = {1 edition},
  publisher = {{Cambridge University Press}},
  location = {{Cambridge, UK ; New York}},
  abstract = {After reviewing the basic concept of general relativity, this introduction discusses its mathematical background, including the necessary tools of tensor calculus and differential geometry. These tools are used to develop the topic of special relativity and to discuss electromagnetism in Minkowski spacetime. Gravitation as spacetime curvature is introduced and the field equations of general relativity derived. After applying the theory to a wide range of physical situations, the book concludes with a brief discussion of classical field theory and the derivation of general relativity from a variational principle.},
  file = {/home/jacopo/zotero/storage/ITM4ZQJX/General Relativity An Introduction for Physicists - Hobson, Efstathiou, and Lasenby.pdf},
  isbn = {978-0-521-82951-9},
  langid = {english},
  pagetotal = {592}
}

@article{hulseDiscoveryPulsarBinary1975,
  title = {Discovery of a Pulsar in a Binary System},
  author = {Hulse, R. A. and Taylor, J. H.},
  date = {1975-01-01},
  journaltitle = {The Astrophysical Journal Letters},
  shortjournal = {The Astrophysical Journal Letters},
  volume = {195},
  pages = {L51-L53},
  issn = {0004-637X},
  doi = {10.1086/181708},
  url = {http://adsabs.harvard.edu/abs/1975ApJ...195L..51H},
  urldate = {2020-07-13},
  abstract = {We have detected a pulsar with a pulsation period that varies systematically between 0.058967 and 0.059045 sec over a cycle of 0.3230 d. Approximately 200 independent observations over 5-minute intervals have yielded a well-sampled velocity curve which implies a binary orbit with projected semimajor axis sin i = 1.0 solar radius, eccentricity e = 0.615, and mass function f(m) = 0.13 solar mass. No eclipses are observed. We infer that the unseen companion is a compact object with mass comparable to that of the pulsar. In addition to the obvious potential for determining the masses of the pulsar and its companion, this discovery makes feasible a number of studies involving the physics of compact objects, the astrophysics of close binary systems, and special- and general-relativistic effects.},
  file = {/home/jacopo/zotero/storage/TBZE9I52/Hulse and Taylor - 1975 - Discovery of a pulsar in a binary system.pdf},
  keywords = {Binary Stars,Black Holes (Astronomy),Companion Stars,Eccentric Orbits,Mass Ratios,Neutron Stars,Orbital Elements,Pulsars,Radial Velocity,Relativistic Effects,Velocity Distribution}
}

@online{knuthTwoNotesNotation1992,
  title = {Two Notes on Notation},
  author = {Knuth, Donald E.},
  date = {1992-04-30},
  url = {http://arxiv.org/abs/math/9205211},
  urldate = {2020-03-04},
  abstract = {The author advocates two specific mathematical notations from his popular course and joint textbook, "Concrete Mathematics". The first of these, extending an idea of Iverson, is the notation "[P]" for the function which is 1 when the Boolean condition P is true and 0 otherwise. This notation can encourage and clarify the use of characteristic functions and Kronecker deltas in sums and integrals. The second notation puts Stirling numbers on the same footing as binomial coefficients. Since binomial coefficients are written on two lines in parentheses and read "n choose k", Stirling numbers of the first kind should be written on two lines in brackets and read "n cycle k", while Stirling numbers of the second kind should be written in braces and read "n subset k". (I might say "n partition k".) The written form was first suggested by Imanuel Marx. The virtues of this notation are that Stirling partition numbers frequently appear in combinatorics, and that it more clearly presents functional relations similar to those satisfied by binomial coefficients.},
  archiveprefix = {arXiv},
  eprint = {math/9205211},
  eprinttype = {arxiv},
  file = {/home/jacopo/zotero/storage/ZE5TQM4L/Knuth - 1992 - Two notes on notation.pdf;/home/jacopo/zotero/storage/3THH4EGD/9205211.html},
  keywords = {Mathematics - History and Overview},
  note = {Comment: Abstract added by Greg Kuperberg
\par
Introduces the Iverson Bracket.}
}

@article{ligoscientificcollaborationandvirgocollaborationObservationGravitationalWaves2016,
  title = {Observation of {{Gravitational Waves}} from a {{Binary Black Hole Merger}}},
  author = {{LIGO Scientific Collaboration and Virgo Collaboration} and Abbott, B. P. and Abbott, R. and Abbott, T. D. and Abernathy, M. R. and Acernese, F. and Ackley, K. and Adams, C. and Adams, T. and Addesso, P. and Adhikari, R. X. and Adya, V. B. and Affeldt, C. and Agathos, M. and Agatsuma, K. and Aggarwal, N. and Aguiar, O. D. and Aiello, L. and Ain, A. and Ajith, P. and Allen, B. and Allocca, A. and Altin, P. A. and Anderson, S. B. and Anderson, W. G. and Arai, K. and Arain, M. A. and Araya, M. C. and Arceneaux, C. C. and Areeda, J. S. and Arnaud, N. and Arun, K. G. and Ascenzi, S. and Ashton, G. and Ast, M. and Aston, S. M. and Astone, P. and Aufmuth, P. and Aulbert, C. and Babak, S. and Bacon, P. and Bader, M. K. M. and Baker, P. T. and Baldaccini, F. and Ballardin, G. and Ballmer, S. W. and Barayoga, J. C. and Barclay, S. E. and Barish, B. C. and Barker, D. and Barone, F. and Barr, B. and Barsotti, L. and Barsuglia, M. and Barta, D. and Bartlett, J. and Barton, M. A. and Bartos, I. and Bassiri, R. and Basti, A. and Batch, J. C. and Baune, C. and Bavigadda, V. and Bazzan, M. and Behnke, B. and Bejger, M. and Belczynski, C. and Bell, A. S. and Bell, C. J. and Berger, B. K. and Bergman, J. and Bergmann, G. and Berry, C. P. L. and Bersanetti, D. and Bertolini, A. and Betzwieser, J. and Bhagwat, S. and Bhandare, R. and Bilenko, I. A. and Billingsley, G. and Birch, J. and Birney, R. and Birnholtz, O. and Biscans, S. and Bisht, A. and Bitossi, M. and Biwer, C. and Bizouard, M. A. and Blackburn, J. K. and Blair, C. D. and Blair, D. G. and Blair, R. M. and Bloemen, S. and Bock, O. and Bodiya, T. P. and Boer, M. and Bogaert, G. and Bogan, C. and Bohe, A. and Bojtos, P. and Bond, C. and Bondu, F. and Bonnand, R. and Boom, B. A. and Bork, R. and Boschi, V. and Bose, S. and Bouffanais, Y. and Bozzi, A. and Bradaschia, C. and Brady, P. R. and Braginsky, V. B. and Branchesi, M. and Brau, J. E. and Briant, T. and Brillet, A. and Brinkmann, M. and Brisson, V. and Brockill, P. and Brooks, A. F. and Brown, D. A. and Brown, D. D. and Brown, N. M. and Buchanan, C. C. and Buikema, A. and Bulik, T. and Bulten, H. J. and Buonanno, A. and Buskulic, D. and Buy, C. and Byer, R. L. and Cabero, M. and Cadonati, L. and Cagnoli, G. and Cahillane, C. and Bustillo, J. Calderón and Callister, T. and Calloni, E. and Camp, J. B. and Cannon, K. C. and Cao, J. and Capano, C. D. and Capocasa, E. and Carbognani, F. and Caride, S. and Diaz, J. Casanueva and Casentini, C. and Caudill, S. and Cavaglià, M. and Cavalier, F. and Cavalieri, R. and Cella, G. and Cepeda, C. B. and Baiardi, L. Cerboni and Cerretani, G. and Cesarini, E. and Chakraborty, R. and Chalermsongsak, T. and Chamberlin, S. J. and Chan, M. and Chao, S. and Charlton, P. and Chassande-Mottin, E. and Chen, H. Y. and Chen, Y. and Cheng, C. and Chincarini, A. and Chiummo, A. and Cho, H. S. and Cho, M. and Chow, J. H. and Christensen, N. and Chu, Q. and Chua, S. and Chung, S. and Ciani, G. and Clara, F. and Clark, J. A. and Cleva, F. and Coccia, E. and Cohadon, P.-F. and Colla, A. and Collette, C. G. and Cominsky, L. and Constancio, M. and Conte, A. and Conti, L. and Cook, D. and Corbitt, T. R. and Cornish, N. and Corsi, A. and Cortese, S. and Costa, C. A. and Coughlin, M. W. and Coughlin, S. B. and Coulon, J.-P. and Countryman, S. T. and Couvares, P. and Cowan, E. E. and Coward, D. M. and Cowart, M. J. and Coyne, D. C. and Coyne, R. and Craig, K. and Creighton, J. D. E. and Creighton, T. D. and Cripe, J. and Crowder, S. G. and Cruise, A. M. and Cumming, A. and Cunningham, L. and Cuoco, E. and Canton, T. Dal and Danilishin, S. L. and D’Antonio, S. and Danzmann, K. and Darman, N. S. and Da Silva Costa, C. F. and Dattilo, V. and Dave, I. and Daveloza, H. P. and Davier, M. and Davies, G. S. and Daw, E. J. and Day, R. and De, S. and DeBra, D. and Debreczeni, G. and Degallaix, J. and De Laurentis, M. and Deléglise, S. and Del Pozzo, W. and Denker, T. and Dent, T. and Dereli, H. and Dergachev, V. and DeRosa, R. T. and De Rosa, R. and DeSalvo, R. and Dhurandhar, S. and Díaz, M. C. and Di Fiore, L. and Di Giovanni, M. and Di Lieto, A. and Di Pace, S. and Di Palma, I. and Di Virgilio, A. and Dojcinoski, G. and Dolique, V. and Donovan, F. and Dooley, K. L. and Doravari, S. and Douglas, R. and Downes, T. P. and Drago, M. and Drever, R. W. P. and Driggers, J. C. and Du, Z. and Ducrot, M. and Dwyer, S. E. and Edo, T. B. and Edwards, M. C. and Effler, A. and Eggenstein, H.-B. and Ehrens, P. and Eichholz, J. and Eikenberry, S. S. and Engels, W. and Essick, R. C. and Etzel, T. and Evans, M. and Evans, T. M. and Everett, R. and Factourovich, M. and Fafone, V. and Fair, H. and Fairhurst, S. and Fan, X. and Fang, Q. and Farinon, S. and Farr, B. and Farr, W. M. and Favata, M. and Fays, M. and Fehrmann, H. and Fejer, M. M. and Feldbaum, D. and Ferrante, I. and Ferreira, E. C. and Ferrini, F. and Fidecaro, F. and Finn, L. S. and Fiori, I. and Fiorucci, D. and Fisher, R. P. and Flaminio, R. and Fletcher, M. and Fong, H. and Fournier, J.-D. and Franco, S. and Frasca, S. and Frasconi, F. and Frede, M. and Frei, Z. and Freise, A. and Frey, R. and Frey, V. and Fricke, T. T. and Fritschel, P. and Frolov, V. V. and Fulda, P. and Fyffe, M. and Gabbard, H. A. G. and Gair, J. R. and Gammaitoni, L. and Gaonkar, S. G. and Garufi, F. and Gatto, A. and Gaur, G. and Gehrels, N. and Gemme, G. and Gendre, B. and Genin, E. and Gennai, A. and George, J. and Gergely, L. and Germain, V. and Ghosh, Abhirup and Ghosh, Archisman and Ghosh, S. and Giaime, J. A. and Giardina, K. D. and Giazotto, A. and Gill, K. and Glaefke, A. and Gleason, J. R. and Goetz, E. and Goetz, R. and Gondan, L. and González, G. and Castro, J. M. Gonzalez and Gopakumar, A. and Gordon, N. A. and Gorodetsky, M. L. and Gossan, S. E. and Gosselin, M. and Gouaty, R. and Graef, C. and Graff, P. B. and Granata, M. and Grant, A. and Gras, S. and Gray, C. and Greco, G. and Green, A. C. and Greenhalgh, R. J. S. and Groot, P. and Grote, H. and Grunewald, S. and Guidi, G. M. and Guo, X. and Gupta, A. and Gupta, M. K. and Gushwa, K. E. and Gustafson, E. K. and Gustafson, R. and Hacker, J. J. and Hall, B. R. and Hall, E. D. and Hammond, G. and Haney, M. and Hanke, M. M. and Hanks, J. and Hanna, C. and Hannam, M. D. and Hanson, J. and Hardwick, T. and Harms, J. and Harry, G. M. and Harry, I. W. and Hart, M. J. and Hartman, M. T. and Haster, C.-J. and Haughian, K. and Healy, J. and Heefner, J. and Heidmann, A. and Heintze, M. C. and Heinzel, G. and Heitmann, H. and Hello, P. and Hemming, G. and Hendry, M. and Heng, I. S. and Hennig, J. and Heptonstall, A. W. and Heurs, M. and Hild, S. and Hoak, D. and Hodge, K. A. and Hofman, D. and Hollitt, S. E. and Holt, K. and Holz, D. E. and Hopkins, P. and Hosken, D. J. and Hough, J. and Houston, E. A. and Howell, E. J. and Hu, Y. M. and Huang, S. and Huerta, E. A. and Huet, D. and Hughey, B. and Husa, S. and Huttner, S. H. and Huynh-Dinh, T. and Idrisy, A. and Indik, N. and Ingram, D. R. and Inta, R. and Isa, H. N. and Isac, J.-M. and Isi, M. and Islas, G. and Isogai, T. and Iyer, B. R. and Izumi, K. and Jacobson, M. B. and Jacqmin, T. and Jang, H. and Jani, K. and Jaranowski, P. and Jawahar, S. and Jiménez-Forteza, F. and Johnson, W. W. and Johnson-McDaniel, N. K. and Jones, D. I. and Jones, R. and Jonker, R. J. G. and Ju, L. and Haris, K. and Kalaghatgi, C. V. and Kalogera, V. and Kandhasamy, S. and Kang, G. and Kanner, J. B. and Karki, S. and Kasprzack, M. and Katsavounidis, E. and Katzman, W. and Kaufer, S. and Kaur, T. and Kawabe, K. and Kawazoe, F. and Kéfélian, F. and Kehl, M. S. and Keitel, D. and Kelley, D. B. and Kells, W. and Kennedy, R. and Keppel, D. G. and Key, J. S. and Khalaidovski, A. and Khalili, F. Y. and Khan, I. and Khan, S. and Khan, Z. and Khazanov, E. A. and Kijbunchoo, N. and Kim, C. and Kim, J. and Kim, K. and Kim, Nam-Gyu and Kim, Namjun and Kim, Y.-M. and King, E. J. and King, P. J. and Kinzel, D. L. and Kissel, J. S. and Kleybolte, L. and Klimenko, S. and Koehlenbeck, S. M. and Kokeyama, K. and Koley, S. and Kondrashov, V. and Kontos, A. and Koranda, S. and Korobko, M. and Korth, W. Z. and Kowalska, I. and Kozak, D. B. and Kringel, V. and Krishnan, B. and Królak, A. and Krueger, C. and Kuehn, G. and Kumar, P. and Kumar, R. and Kuo, L. and Kutynia, A. and Kwee, P. and Lackey, B. D. and Landry, M. and Lange, J. and Lantz, B. and Lasky, P. D. and Lazzarini, A. and Lazzaro, C. and Leaci, P. and Leavey, S. and Lebigot, E. O. and Lee, C. H. and Lee, H. K. and Lee, H. M. and Lee, K. and Lenon, A. and Leonardi, M. and Leong, J. R. and Leroy, N. and Letendre, N. and Levin, Y. and Levine, B. M. and Li, T. G. F. and Libson, A. and Littenberg, T. B. and Lockerbie, N. A. and Logue, J. and Lombardi, A. L. and London, L. T. and Lord, J. E. and Lorenzini, M. and Loriette, V. and Lormand, M. and Losurdo, G. and Lough, J. D. and Lousto, C. O. and Lovelace, G. and Lück, H. and Lundgren, A. P. and Luo, J. and Lynch, R. and Ma, Y. and MacDonald, T. and Machenschalk, B. and MacInnis, M. and Macleod, D. M. and Magaña-Sandoval, F. and Magee, R. M. and Mageswaran, M. and Majorana, E. and Maksimovic, I. and Malvezzi, V. and Man, N. and Mandel, I. and Mandic, V. and Mangano, V. and Mansell, G. L. and Manske, M. and Mantovani, M. and Marchesoni, F. and Marion, F. and Márka, S. and Márka, Z. and Markosyan, A. S. and Maros, E. and Martelli, F. and Martellini, L. and Martin, I. W. and Martin, R. M. and Martynov, D. V. and Marx, J. N. and Mason, K. and Masserot, A. and Massinger, T. J. and Masso-Reid, M. and Matichard, F. and Matone, L. and Mavalvala, N. and Mazumder, N. and Mazzolo, G. and McCarthy, R. and McClelland, D. E. and McCormick, S. and McGuire, S. C. and McIntyre, G. and McIver, J. and McManus, D. J. and McWilliams, S. T. and Meacher, D. and Meadors, G. D. and Meidam, J. and Melatos, A. and Mendell, G. and Mendoza-Gandara, D. and Mercer, R. A. and Merilh, E. and Merzougui, M. and Meshkov, S. and Messenger, C. and Messick, C. and Meyers, P. M. and Mezzani, F. and Miao, H. and Michel, C. and Middleton, H. and Mikhailov, E. E. and Milano, L. and Miller, J. and Millhouse, M. and Minenkov, Y. and Ming, J. and Mirshekari, S. and Mishra, C. and Mitra, S. and Mitrofanov, V. P. and Mitselmakher, G. and Mittleman, R. and Moggi, A. and Mohan, M. and Mohapatra, S. R. P. and Montani, M. and Moore, B. C. and Moore, C. J. and Moraru, D. and Moreno, G. and Morriss, S. R. and Mossavi, K. and Mours, B. and Mow-Lowry, C. M. and Mueller, C. L. and Mueller, G. and Muir, A. W. and Mukherjee, Arunava and Mukherjee, D. and Mukherjee, S. and Mukund, N. and Mullavey, A. and Munch, J. and Murphy, D. J. and Murray, P. G. and Mytidis, A. and Nardecchia, I. and Naticchioni, L. and Nayak, R. K. and Necula, V. and Nedkova, K. and Nelemans, G. and Neri, M. and Neunzert, A. and Newton, G. and Nguyen, T. T. and Nielsen, A. B. and Nissanke, S. and Nitz, A. and Nocera, F. and Nolting, D. and Normandin, M. E. N. and Nuttall, L. K. and Oberling, J. and Ochsner, E. and O’Dell, J. and Oelker, E. and Ogin, G. H. and Oh, J. J. and Oh, S. H. and Ohme, F. and Oliver, M. and Oppermann, P. and Oram, Richard J. and O’Reilly, B. and O’Shaughnessy, R. and Ott, C. D. and Ottaway, D. J. and Ottens, R. S. and Overmier, H. and Owen, B. J. and Pai, A. and Pai, S. A. and Palamos, J. R. and Palashov, O. and Palomba, C. and Pal-Singh, A. and Pan, H. and Pan, Y. and Pankow, C. and Pannarale, F. and Pant, B. C. and Paoletti, F. and Paoli, A. and Papa, M. A. and Paris, H. R. and Parker, W. and Pascucci, D. and Pasqualetti, A. and Passaquieti, R. and Passuello, D. and Patricelli, B. and Patrick, Z. and Pearlstone, B. L. and Pedraza, M. and Pedurand, R. and Pekowsky, L. and Pele, A. and Penn, S. and Perreca, A. and Pfeiffer, H. P. and Phelps, M. and Piccinni, O. and Pichot, M. and Pickenpack, M. and Piergiovanni, F. and Pierro, V. and Pillant, G. and Pinard, L. and Pinto, I. M. and Pitkin, M. and Poeld, J. H. and Poggiani, R. and Popolizio, P. and Post, A. and Powell, J. and Prasad, J. and Predoi, V. and Premachandra, S. S. and Prestegard, T. and Price, L. R. and Prijatelj, M. and Principe, M. and Privitera, S. and Prix, R. and Prodi, G. A. and Prokhorov, L. and Puncken, O. and Punturo, M. and Puppo, P. and Pürrer, M. and Qi, H. and Qin, J. and Quetschke, V. and Quintero, E. A. and Quitzow-James, R. and Raab, F. J. and Rabeling, D. S. and Radkins, H. and Raffai, P. and Raja, S. and Rakhmanov, M. and Ramet, C. R. and Rapagnani, P. and Raymond, V. and Razzano, M. and Re, V. and Read, J. and Reed, C. M. and Regimbau, T. and Rei, L. and Reid, S. and Reitze, D. H. and Rew, H. and Reyes, S. D. and Ricci, F. and Riles, K. and Robertson, N. A. and Robie, R. and Robinet, F. and Rocchi, A. and Rolland, L. and Rollins, J. G. and Roma, V. J. and Romano, J. D. and Romano, R. and Romanov, G. and Romie, J. H. and Rosińska, D. and Rowan, S. and Rüdiger, A. and Ruggi, P. and Ryan, K. and Sachdev, S. and Sadecki, T. and Sadeghian, L. and Salconi, L. and Saleem, M. and Salemi, F. and Samajdar, A. and Sammut, L. and Sampson, L. M. and Sanchez, E. J. and Sandberg, V. and Sandeen, B. and Sanders, G. H. and Sanders, J. R. and Sassolas, B. and Sathyaprakash, B. S. and Saulson, P. R. and Sauter, O. and Savage, R. L. and Sawadsky, A. and Schale, P. and Schilling, R. and Schmidt, J. and Schmidt, P. and Schnabel, R. and Schofield, R. M. S. and Schönbeck, A. and Schreiber, E. and Schuette, D. and Schutz, B. F. and Scott, J. and Scott, S. M. and Sellers, D. and Sengupta, A. S. and Sentenac, D. and Sequino, V. and Sergeev, A. and Serna, G. and Setyawati, Y. and Sevigny, A. and Shaddock, D. A. and Shaffer, T. and Shah, S. and Shahriar, M. S. and Shaltev, M. and Shao, Z. and Shapiro, B. and Shawhan, P. and Sheperd, A. and Shoemaker, D. H. and Shoemaker, D. M. and Siellez, K. and Siemens, X. and Sigg, D. and Silva, A. D. and Simakov, D. and Singer, A. and Singer, L. P. and Singh, A. and Singh, R. and Singhal, A. and Sintes, A. M. and Slagmolen, B. J. J. and Smith, J. R. and Smith, M. R. and Smith, N. D. and Smith, R. J. E. and Son, E. J. and Sorazu, B. and Sorrentino, F. and Souradeep, T. and Srivastava, A. K. and Staley, A. and Steinke, M. and Steinlechner, J. and Steinlechner, S. and Steinmeyer, D. and Stephens, B. C. and Stevenson, S. P. and Stone, R. and Strain, K. A. and Straniero, N. and Stratta, G. and Strauss, N. A. and Strigin, S. and Sturani, R. and Stuver, A. L. and Summerscales, T. Z. and Sun, L. and Sutton, P. J. and Swinkels, B. L. and Szczepańczyk, M. J. and Tacca, M. and Talukder, D. and Tanner, D. B. and Tápai, M. and Tarabrin, S. P. and Taracchini, A. and Taylor, R. and Theeg, T. and Thirugnanasambandam, M. P. and Thomas, E. G. and Thomas, M. and Thomas, P. and Thorne, K. A. and Thorne, K. S. and Thrane, E. and Tiwari, S. and Tiwari, V. and Tokmakov, K. V. and Tomlinson, C. and Tonelli, M. and Torres, C. V. and Torrie, C. I. and Töyrä, D. and Travasso, F. and Traylor, G. and Trifirò, D. and Tringali, M. C. and Trozzo, L. and Tse, M. and Turconi, M. and Tuyenbayev, D. and Ugolini, D. and Unnikrishnan, C. S. and Urban, A. L. and Usman, S. A. and Vahlbruch, H. and Vajente, G. and Valdes, G. and Vallisneri, M. and van Bakel, N. and van Beuzekom, M. and van den Brand, J. F. J. and Van Den Broeck, C. and Vander-Hyde, D. C. and van der Schaaf, L. and van Heijningen, J. V. and van Veggel, A. A. and Vardaro, M. and Vass, S. and Vasúth, M. and Vaulin, R. and Vecchio, A. and Vedovato, G. and Veitch, J. and Veitch, P. J. and Venkateswara, K. and Verkindt, D. and Vetrano, F. and Viceré, A. and Vinciguerra, S. and Vine, D. J. and Vinet, J.-Y. and Vitale, S. and Vo, T. and Vocca, H. and Vorvick, C. and Voss, D. and Vousden, W. D. and Vyatchanin, S. P. and Wade, A. R. and Wade, L. E. and Wade, M. and Waldman, S. J. and Walker, M. and Wallace, L. and Walsh, S. and Wang, G. and Wang, H. and Wang, M. and Wang, X. and Wang, Y. and Ward, H. and Ward, R. L. and Warner, J. and Was, M. and Weaver, B. and Wei, L.-W. and Weinert, M. and Weinstein, A. J. and Weiss, R. and Welborn, T. and Wen, L. and Weßels, P. and Westphal, T. and Wette, K. and Whelan, J. T. and Whitcomb, S. E. and White, D. J. and Whiting, B. F. and Wiesner, K. and Wilkinson, C. and Willems, P. A. and Williams, L. and Williams, R. D. and Williamson, A. R. and Willis, J. L. and Willke, B. and Wimmer, M. H. and Winkelmann, L. and Winkler, W. and Wipf, C. C. and Wiseman, A. G. and Wittel, H. and Woan, G. and Worden, J. and Wright, J. L. and Wu, G. and Yablon, J. and Yakushin, I. and Yam, W. and Yamamoto, H. and Yancey, C. C. and Yap, M. J. and Yu, H. and Yvert, M. and Zadrożny, A. and Zangrando, L. and Zanolin, M. and Zendri, J.-P. and Zevin, M. and Zhang, F. and Zhang, L. and Zhang, M. and Zhang, Y. and Zhao, C. and Zhou, M. and Zhou, Z. and Zhu, X. J. and Zucker, M. E. and Zuraw, S. E. and Zweizig, J.},
  date = {2016-02-11},
  journaltitle = {Physical Review Letters},
  shortjournal = {Phys. Rev. Lett.},
  volume = {116},
  pages = {061102},
  publisher = {{American Physical Society}},
  doi = {10.1103/PhysRevLett.116.061102},
  url = {https://link.aps.org/doi/10.1103/PhysRevLett.116.061102},
  urldate = {2020-03-23},
  abstract = {On September 14, 2015 at 09:50:45 UTC the two detectors of the Laser Interferometer Gravitational-Wave Observatory simultaneously observed a transient gravitational-wave signal. The signal sweeps upwards in frequency from 35 to 250 Hz with a peak gravitational-wave strain of 1.0×10−21. It matches the waveform predicted by general relativity for the inspiral and merger of a pair of black holes and the ringdown of the resulting single black hole. The signal was observed with a matched-filter signal-to-noise ratio of 24 and a false alarm rate estimated to be less than 1 event per 203 000 years, equivalent to a significance greater than 5.1σ. The source lies at a luminosity distance of 410+160−180 Mpc corresponding to a redshift z=0.09+0.03−0.04. In the source frame, the initial black hole masses are 36+5−4M⊙ and 29+4−4M⊙, and the final black hole mass is 62+4−4M⊙, with 3.0+0.5−0.5M⊙c2 radiated in gravitational waves. All uncertainties define 90\% credible intervals. These observations demonstrate the existence of binary stellar-mass black hole systems. This is the first direct detection of gravitational waves and the first observation of a binary black hole merger.},
  file = {/home/jacopo/zotero/storage/NJKEJ45F/LIGO Scientific Collaboration and Virgo Collaboration et al. - 2016 - Observation of Gravitational Waves from a Binary B.pdf;/home/jacopo/zotero/storage/6PFQCG5K/PhysRevLett.116.html},
  number = {6},
  options = {useprefix=true}
}

@online{LISAL320170120,
  title = {{{LISA}}\_{{L3}}\_20170120.Pdf},
  url = {https://www.elisascience.org/files/publications/LISA_L3_20170120.pdf},
  urldate = {2020-07-28},
  file = {/home/jacopo/zotero/storage/2DSE8A8T/LISA_L3_20170120.pdf}
}

@article{lisapathfindercollaborationLISAPathfinderFirst2017,
  title = {{{LISA Pathfinder}}: {{First}} Steps to Observing Gravitational Waves from Space},
  shorttitle = {{{LISA Pathfinder}}},
  author = {{LISA Pathfinder collaboration}},
  date = {2017-05},
  journaltitle = {Journal of Physics: Conference Series},
  shortjournal = {J. Phys.: Conf. Ser.},
  volume = {840},
  pages = {012001},
  issn = {1742-6588, 1742-6596},
  doi = {10.1088/1742-6596/840/1/012001},
  url = {https://iopscience.iop.org/article/10.1088/1742-6596/840/1/012001},
  urldate = {2020-07-10},
  abstract = {LISA Pathfinder, the European Space Agency’s technology demonstrator mission for future spaceborne gravitational wave observatories, was launched on 3 December 2015, from the European space port of Kourou, French Guiana. After a short duration transfer to the final science orbit, the mission has been gathering science data since. This data has allowed the science community to validate the critical technologies and measurement principle for low frequency gravitational wave detection and thereby confirming the readiness to start the next generation gravitational wave observatories, such as LISA.},
  file = {/home/jacopo/zotero/storage/VLQ683B4/LISA Pathfinder collaboration - 2017 - LISA Pathfinder First steps to observing gravitat.pdf},
  langid = {english}
}

@book{maggioreGravitationalWavesVolume2007,
  title = {Gravitational {{Waves}}: {{Volume}} 1: {{Theory}} and {{Experiments}}},
  shorttitle = {Gravitational {{Waves}}},
  author = {Maggiore, Michele},
  date = {2007-11-24},
  edition = {1 edition},
  publisher = {{Oxford University Press}},
  location = {{Oxford}},
  abstract = {The aim of this book is to become THE reference text for gravitational-wave physics, covering in detail both the experimental and the theoretical aspects. It is he only existing book on gravitational waves, and it will likely remain unique for its broadeness and scope. It brings the reader to the forefront of present-day research, both theoretical and experimental, assuming no previous knowledge of gravitational-wave physics. Part I of this volume is devoted to the theory of gravitational waves. Here we have rederived - in a coherent way - most of the results that we present, clarifying or streamlining existing derivations. Part II is devoted to a description of experimental GW physics. We discuss in great detail exisiting and planned experiments, as well as data analysis techniques.},
  file = {/home/jacopo/zotero/storage/3KQXNB2L/Maggiore - 2007 - Gravitational Waves Volume 1 Theory and Experime.pdf},
  isbn = {978-0-19-857074-5},
  langid = {english},
  note = {\textbf{Extracted Annotations (5/4/2021, 4:03:16 PM)}
\par
\emph{Structure-dependent corrections in compact binaries (\href{zotero://open-pdf/library/items/3KQXNB2L?page=303}{note on p.303})}},
  pagetotal = {576}
}

@book{maggioreGravitationalWavesVolume2018,
  title = {Gravitational {{Waves}}: {{Volume}} 2: {{Astrophysics}} and {{Cosmology}}},
  shorttitle = {Gravitational {{Waves}}},
  author = {Maggiore, Michele},
  date = {2018-05-22},
  publisher = {{Oxford University Press}},
  location = {{Oxford}},
  abstract = {The two-volume book Gravitational Waves provides a comprehensive and detailed account of the physics of gravitational waves. While Volume 1 is devoted to the theory and experiments, Volume 2 discusses what can be learned from gravitational waves in astrophysics and in cosmology, by systematizing a large body of theoretical developments that have taken place over the last decades. The second volume also includes a detailed discussion of the first direct detections of gravitational waves. In the author's typical style, the theoretical results are generally derived afresh, clarifying or streamlining the existing derivations whenever possible, and providing a coherent and consistent picture of the field. The first volume of Gravitational Waves , which appeared in 2007, has established itself as the standard reference in the field. The scientific community has eagerly awaited this second volume. The recent direct detection of gravitational waves makes the topics in this book particularly timely.},
  file = {/home/jacopo/zotero/storage/LKPSGKDN/Maggiore - 2018 - Gravitational Waves Volume 2 Astrophysics and Co.pdf},
  isbn = {978-0-19-857089-9},
  langid = {english},
  pagetotal = {848}
}

@article{miaoExploringMacroscopicQuantum2010,
  title = {Exploring Macroscopic Quantum Mechanics in Optomechanical Devices},
  author = {Miao, Haixing},
  date = {2010},
  url = {https://research-repository.uwa.edu.au/en/publications/exploring-macroscopic-quantum-mechanics-in-optomechanical-devices},
  urldate = {2020-07-26},
  file = {/home/jacopo/zotero/storage/K5CUD5LR/Miao - 2010 - Exploring macroscopic quantum mechanics in optomec.pdf;/home/jacopo/zotero/storage/B8GL4RLF/exploring-macroscopic-quantum-mechanics-in-optomechanical-devices.html},
  langid = {english}
}

@book{misnerGravitation1973,
  title = {Gravitation},
  author = {Misner, C.W. and Thorne, K.S. and Wheeler, J.A.},
  date = {1973},
  publisher = {{W.H. Freeman \& Co.}},
  file = {/home/jacopo/zotero/storage/6SWKDHHB/Gravitation-Thorne-Wheeler.pdf},
  isbn = {978-0-691-17779-3}
}

@article{mooreGravitationalwaveSensitivityCurves2015,
  ids = {mooreGravitationalwaveSensitivityCurves2014,mooreGravitationalwaveSensitivityCurves2015a,mooreGravitationalwaveSensitivityCurves2015b},
  title = {Gravitational-Wave Sensitivity Curves},
  author = {Moore, Christopher J. and Cole, Robert H. and Berry, Christopher P. L.},
  date = {2015-01-08},
  journaltitle = {Classical and Quantum Gravity},
  shortjournal = {Class. Quantum Grav.},
  volume = {32},
  pages = {015014},
  publisher = {{IOP Publishing}},
  issn = {0264-9381, 1361-6382},
  doi = {10.1088/0264-9381/32/1/015014},
  url = {http://arxiv.org/abs/1408.0740},
  urldate = {2020-04-19},
  abstract = {There are several common conventions in use by the gravitational-wave community to describe the amplitude of sources and the sensitivity of detectors. These are frequently confused. We outline the merits of and differences between the various quantities used for parameterizing noise curves and characterizing gravitational-wave amplitudes. We conclude by producing plots that consistently compare different detectors. Similar figures can be generated on-line for general use at \textbackslash url\{http://rhcole.com/apps/GWplotter\}.},
  archiveprefix = {arXiv},
  eprint = {1408.0740},
  eprinttype = {arxiv},
  file = {/home/jacopo/zotero/storage/FJKMSZPM/Moore et al_2015_Gravitational-wave sensitivity curves.pdf;/home/jacopo/zotero/storage/VMC4LSBR/Moore et al_2015_Gravitational-wave sensitivity curves.pdf;/home/jacopo/zotero/storage/P8SF33RI/1408.html;/home/jacopo/zotero/storage/UKX6PIS9/1408.html},
  keywords = {Astrophysics - High Energy Astrophysical Phenomena,General Relativity and Quantum Cosmology},
  note = {Comment: Paper to accompany resource at http://rhcole.com/apps/GWplotter
\par
Comment: Paper to accompany resource at \href{http://rhcole.com/apps/GWplotter}{http://rhcole.com/apps/GWplotter}
\par
See also \href{https://cplberry.com/2015/01/10/1408-0740/}{https://cplberry.com/2015/01/10/1408-0740/}},
  number = {1}
}

@online{ProfessorOrlandiniNotes,
  title = {Professor {{Orlandini}}'s Notes},
  url = {https://userswww.pd.infn.it/~orlandin/fisica_sis_comp.html},
  urldate = {2020-04-27},
  file = {/home/jacopo/zotero/storage/2VNDNHNH/fisica_sis_comp.html}
}

@article{taylorNewTestGeneral1982,
  title = {A New Test of General Relativity - {{Gravitational}} Radiation and the Binary Pulsar {{PSR}} 1913+16},
  author = {Taylor, J. H. and Weisberg, J. M.},
  date = {1982-02-01},
  journaltitle = {The Astrophysical Journal},
  shortjournal = {The Astrophysical Journal},
  volume = {253},
  pages = {908--920},
  issn = {0004-637X},
  doi = {10.1086/159690},
  url = {http://adsabs.harvard.edu/abs/1982ApJ...253..908T},
  urldate = {2020-07-13},
  abstract = {Pulse arrival times of a binary pulsar were observed for seven years  using average pulse profiles representing about five minutes of data acquisition with synchronous averaging and a least squares procedure for fitting the standard profiles. A model was formulated using relativistic terms, both secular and periodically varying with orbital phase, and it was assumed that the pulsar is an accurate clock. Tests were made to determine the magnitude of possible systematic biases. The component masses and absolute size of the orbit were determined. These values were used, together with the well-determined orbital period and eccentricity, to calculate the rate at which the orbital period should decay as energy is lost from the system via gravitational radiation. The results agreed strikingly with general relativity but disagreed with most other theories of gravitation. For this reason, the companion star must be a neutron star or black hole.},
  file = {/home/jacopo/zotero/storage/BCXIFB6N/Taylor and Weisberg - 1982 - A new test of general relativity - Gravitational r.pdf},
  keywords = {Binary Stars,Black Holes (Astronomy),Error Analysis,Gravitational Waves,Least Squares Method,Neutron Stars,Orbit Calculation,Orbit Decay,Pulsars,Pulsed Radiation,Relativity,Stellar Mass,Stellar Models,Stellar Motions,Stellar Radiation}
}

@article{theligoscientificcollaborationGWTC1GravitationalWaveTransient2019,
  ids = {theligoscientificcollaborationGWTC1GravitationalWaveTransient2019a},
  title = {{{GWTC}}-1: {{A Gravitational}}-{{Wave Transient Catalog}} of {{Compact Binary Mergers Observed}} by {{LIGO}} and {{Virgo}} during the {{First}} and {{Second Observing Runs}}},
  shorttitle = {{{GWTC}}-1},
  author = {The LIGO Scientific Collaboration and the Virgo Collaboration and Abbott, B. P. and Abbott, R. and Abbott, T. D. and Abraham, S. and Acernese, F. and Ackley, K. and Adams, C. and Adhikari, R. X. and Adya, V. B. and Affeldt, C. and Agathos, M. and Agatsuma, K. and Aggarwal, N. and Aguiar, O. D. and Aiello, L. and Ain, A. and Ajith, P. and Allen, G. and Allocca, A. and Aloy, M. A. and Altin, P. A. and Amato, A. and Ananyeva, A. and Anderson, S. B. and Anderson, W. G. and Angelova, S. V. and Antier, S. and Appert, S. and Arai, K. and Araya, M. C. and Areeda, J. S. and Arène, M. and Arnaud, N. and Arun, K. G. and Ascenzi, S. and Ashton, G. and Aston, S. M. and Astone, P. and Aubin, F. and Aufmuth, P. and AultONeal, K. and Austin, C. and Avendano, V. and Avila-Alvarez, A. and Babak, S. and Bacon, P. and Badaracco, F. and Bader, M. K. M. and Bae, S. and Baker, P. T. and Baldaccini, F. and Ballardin, G. and Ballmer, S. W. and Banagiri, S. and Barayoga, J. C. and Barclay, S. E. and Barish, B. C. and Barker, D. and Barkett, K. and Barnum, S. and Barone, F. and Barr, B. and Barsotti, L. and Barsuglia, M. and Barta, D. and Bartlett, J. and Bartos, I. and Bassiri, R. and Basti, A. and Bawaj, M. and Bayley, J. C. and Bazzan, M. and Bécsy, B. and Bejger, M. and Belahcene, I. and Bell, A. S. and Beniwal, D. and Berger, B. K. and Bergmann, G. and Bernuzzi, S. and Bero, J. J. and Berry, C. P. L. and Bersanetti, D. and Bertolini, A. and Betzwieser, J. and Bhandare, R. and Bidler, J. and Bilenko, I. A. and Bilgili, S. A. and Billingsley, G. and Birch, J. and Birney, R. and Birnholtz, O. and Biscans, S. and Biscoveanu, S. and Bisht, A. and Bitossi, M. and Bizouard, M. A. and Blackburn, J. K. and Blackman, J. and Blair, C. D. and Blair, D. G. and Blair, R. M. and Bloemen, S. and Bode, N. and Boer, M. and Boetzel, Y. and Bogaert, G. and Bondu, F. and Bonilla, E. and Bonnand, R. and Booker, P. and Boom, B. A. and Booth, C. D. and Bork, R. and Boschi, V. and Bose, S. and Bossie, K. and Bossilkov, V. and Bosveld, J. and Bouffanais, Y. and Bozzi, A. and Bradaschia, C. and Brady, P. R. and Bramley, A. and Branchesi, M. and Brau, J. E. and Briant, T. and Briggs, J. H. and Brighenti, F. and Brillet, A. and Brinkmann, M. and Brisson, V. and Brockill, P. and Brooks, A. F. and Brown, D. D. and Brunett, S. and Buikema, A. and Bulik, T. and Bulten, H. J. and Buonanno, A. and Buskulic, D. and Rosell, M. J. Bustamante and Buy, C. and Byer, R. L. and Cabero, M. and Cadonati, L. and Cagnoli, G. and Cahillane, C. and Bustillo, J. Calderón and Callister, T. A. and Calloni, E. and Camp, J. B. and Campbell, W. A. and Canepa, M. and Cannon, K. C. and Cao, H. and Cao, J. and Capocasa, E. and Carbognani, F. and Caride, S. and Carney, M. F. and Carullo, G. and Diaz, J. Casanueva and Casentini, C. and Caudill, S. and Cavaglià, M. and Cavalier, F. and Cavalieri, R. and Cella, G. and Cerdá-Durán, P. and Cerretani, G. and Cesarini, E. and Chaibi, O. and Chakravarti, K. and Chamberlin, S. J. and Chan, M. and Chao, S. and Charlton, P. and Chase, E. A. and Chassande-Mottin, E. and Chatterjee, D. and Chaturvedi, M. and Chatziioannou, K. and Cheeseboro, B. D. and Chen, H. Y. and Chen, X. and Chen, Y. and Cheng, H.-P. and Cheong, C. K. and Chia, H. Y. and Chincarini, A. and Chiummo, A. and Cho, G. and Cho, H. S. and Cho, M. and Christensen, N. and Chu, Q. and Chua, S. and Chung, K. W. and Chung, S. and Ciani, G. and Ciobanu, A. A. and Ciolfi, R. and Cipriano, F. and Cirone, A. and Clara, F. and Clark, J. A. and Clearwater, P. and Cleva, F. and Cocchieri, C. and Coccia, E. and Cohadon, P.-F. and Cohen, D. and Colgan, R. and Colleoni, M. and Collette, C. G. and Collins, C. and Cominsky, L. R. and Constancio Jr., M. and Conti, L. and Cooper, S. J. and Corban, P. and Corbitt, T. R. and Cordero-Carrión, I. and Corley, K. R. and Cornish, N. and Corsi, A. and Cortese, S. and Costa, C. A. and Cotesta, R. and Coughlin, M. W. and Coughlin, S. B. and Coulon, J.-P. and Countryman, S. T. and Couvares, P. and Covas, P. B. and Cowan, E. E. and Coward, D. M. and Cowart, M. J. and Coyne, D. C. and Coyne, R. and Creighton, J. D. E. and Creighton, T. D. and Cripe, J. and Croquette, M. and Crowder, S. G. and Cullen, T. J. and Cumming, A. and Cunningham, L. and Cuoco, E. and Canton, T. Dal and Dálya, G. and Danilishin, S. L. and D'Antonio, S. and Danzmann, K. and Dasgupta, A. and Costa, C. F. Da Silva and Datrier, L. E. H. and Dattilo, V. and Dave, I. and Davier, M. and Davis, D. and Daw, E. J. and DeBra, D. and Deenadayalan, M. and Degallaix, J. and De Laurentis, M. and Deléglise, S. and Del Pozzo, W. and DeMarchi, L. M. and Demos, N. and Dent, T. and De Pietri, R. and Derby, J. and De Rosa, R. and De Rossi, C. and DeSalvo, R. and de Varona, O. and Dhurandhar, S. and Díaz, M. C. and Dietrich, T. and Di Fiore, L. and Di Giovanni, M. and Di Girolamo, T. and Di Lieto, A. and Ding, B. and Di Pace, S. and Di Palma, I. and Di Renzo, F. and Dmitriev, A. and Doctor, Z. and Donovan, F. and Dooley, K. L. and Doravari, S. and Dorrington, I. and Downes, T. P. and Drago, M. and Driggers, J. C. and Du, Z. and Ducoin, J.-G. and Dupej, P. and Dwyer, S. E. and Easter, P. J. and Edo, T. B. and Edwards, M. C. and Effler, A. and Ehrens, P. and Eichholz, J. and Eikenberry, S. S. and Eisenmann, M. and Eisenstein, R. A. and Essick, R. C. and Estelles, H. and Estevez, D. and Etienne, Z. B. and Etzel, T. and Evans, M. and Evans, T. M. and Fafone, V. and Fair, H. and Fairhurst, S. and Fan, X. and Farinon, S. and Farr, B. and Farr, W. M. and Fauchon-Jones, E. J. and Favata, M. and Fays, M. and Fazio, M. and Fee, C. and Feicht, J. and Fejer, M. M. and Feng, F. and Fernandez-Galiana, A. and Ferrante, I. and Ferreira, E. C. and Ferreira, T. A. and Ferrini, F. and Fidecaro, F. and Fiori, I. and Fiorucci, D. and Fishbach, M. and Fisher, R. P. and Fishner, J. M. and Fitz-Axen, M. and Flaminio, R. and Fletcher, M. and Flynn, E. and Fong, H. and Font, J. A. and Forsyth, P. W. F. and Fournier, J.-D. and Frasca, S. and Frasconi, F. and Frei, Z. and Freise, A. and Frey, R. and Frey, V. and Fritschel, P. and Frolov, V. V. and Fulda, P. and Fyffe, M. and Gabbard, H. A. and Gadre, B. U. and Gaebel, S. M. and Gair, J. R. and Gammaitoni, L. and Ganija, M. R. and Gaonkar, S. G. and Garcia, A. and García-Quirós, C. and Garufi, F. and Gateley, B. and Gaudio, S. and Gaur, G. and Gayathri, V. and Gemme, G. and Genin, E. and Gennai, A. and George, D. and George, J. and Gergely, L. and Germain, V. and Ghonge, S. and Ghosh, Abhirup and Ghosh, Archisman and Ghosh, S. and Giacomazzo, B. and Giaime, J. A. and Giardina, K. D. and Giazotto, A. and Gill, K. and Giordano, G. and Glover, L. and Godwin, P. and Goetz, E. and Goetz, R. and Goncharov, B. and González, G. and Castro, J. M. Gonzalez and Gopakumar, A. and Gorodetsky, M. L. and Gossan, S. E. and Gosselin, M. and Gouaty, R. and Grado, A. and Graef, C. and Granata, M. and Grant, A. and Gras, S. and Grassia, P. and Gray, C. and Gray, R. and Greco, G. and Green, A. C. and Green, R. and Gretarsson, E. M. and Groot, P. and Grote, H. and Grunewald, S. and Gruning, P. and Guidi, G. M. and Gulati, H. K. and Guo, Y. and Gupta, A. and Gupta, M. K. and Gustafson, E. K. and Gustafson, R. and Haegel, L. and Halim, O. and Hall, B. R. and Hall, E. D. and Hamilton, E. Z. and Hammond, G. and Haney, M. and Hanke, M. M. and Hanks, J. and Hanna, C. and Hannam, M. D. and Hannuksela, O. A. and Hanson, J. and Hardwick, T. and Haris, K. and Harms, J. and Harry, G. M. and Harry, I. W. and Haster, C.-J. and Haughian, K. and Hayes, F. J. and Healy, J. and Heidmann, A. and Heintze, M. C. and Heitmann, H. and Hello, P. and Hemming, G. and Hendry, M. and Heng, I. S. and Hennig, J. and Heptonstall, A. W. and Vivanco, Francisco Hernandez and Heurs, M. and Hild, S. and Hinderer, T. and Hoak, D. and Hochheim, S. and Hofman, D. and Holgado, A. M. and Holland, N. A. and Holt, K. and Holz, D. E. and Hopkins, P. and Horst, C. and Hough, J. and Howell, E. J. and Hoy, C. G. and Hreibi, A. and Huang, Y. and Huerta, E. A. and Huet, D. and Hughey, B. and Hulko, M. and Husa, S. and Huttner, S. H. and Huynh-Dinh, T. and Idzkowski, B. and Iess, A. and Ingram, C. and Inta, R. and Intini, G. and Irwin, B. and Isa, H. N. and Isac, J.-M. and Isi, M. and Iyer, B. R. and Izumi, K. and Jacqmin, T. and Jadhav, S. J. and Jani, K. and Janthalur, N. N. and Jaranowski, P. and Jenkins, A. C. and Jiang, J. and Johnson, D. S. and Johnson-McDaniel, N. K. and Jones, A. W. and Jones, D. I. and Jones, R. and Jonker, R. J. G. and Ju, L. and Junker, J. and Kalaghatgi, C. V. and Kalogera, V. and Kamai, B. and Kandhasamy, S. and Kang, G. and Kanner, J. B. and Kapadia, S. J. and Karki, S. and Karvinen, K. S. and Kashyap, R. and Kasprzack, M. and Katsanevas, S. and Katsavounidis, E. and Katzman, W. and Kaufer, S. and Kawabe, K. and Keerthana, N. V. and Kéfélian, F. and Keitel, D. and Kennedy, R. and Key, J. S. and Khalili, F. Y. and Khan, H. and Khan, I. and Khan, S. and Khan, Z. and Khazanov, E. A. and Khursheed, M. and Kijbunchoo, N. and Kim, Chunglee and Kim, J. C. and Kim, K. and Kim, W. and Kim, W. S. and Kim, Y.-M. and Kimball, C. and King, E. J. and King, P. J. and Kinley-Hanlon, M. and Kirchhoff, R. and Kissel, J. S. and Kleybolte, L. and Klika, J. H. and Klimenko, S. and Knowles, T. D. and Koch, P. and Koehlenbeck, S. M. and Koekoek, G. and Koley, S. and Kondrashov, V. and Kontos, A. and Koper, N. and Korobko, M. and Korth, W. Z. and Kowalska, I. and Kozak, D. B. and Kringel, V. and Krishnendu, N. and Królak, A. and Kuehn, G. and Kumar, A. and Kumar, P. and Kumar, R. and Kumar, S. and Kuo, L. and Kutynia, A. and Kwang, S. and Lackey, B. D. and Lai, K. H. and Lam, T. L. and Landry, M. and Lane, B. B. and Lang, R. N. and Lange, J. and Lantz, B. and Lanza, R. K. and Lartaux-Vollard, A. and Lasky, P. D. and Laxen, M. and Lazzarini, A. and Lazzaro, C. and Leaci, P. and Leavey, S. and Lecoeuche, Y. K. and Lee, C. H. and Lee, H. K. and Lee, H. M. and Lee, H. W. and Lee, J. and Lee, K. and Lehmann, J. and Lenon, A. and Leroy, N. and Letendre, N. and Levin, Y. and Li, J. and Li, K. J. L. and Li, T. G. F. and Li, X. and Lin, F. and Linde, F. and Linker, S. D. and Littenberg, T. B. and Liu, J. and Liu, X. and Lo, R. K. L. and Lockerbie, N. A. and London, L. T. and Longo, A. and Lorenzini, M. and Loriette, V. and Lormand, M. and Losurdo, G. and Lough, J. D. and Lousto, C. O. and Lovelace, G. and Lower, M. E. and Lück, H. and Lumaca, D. and Lundgren, A. P. and Lynch, R. and Ma, Y. and Macas, R. and Macfoy, S. and MacInnis, M. and Macleod, D. M. and Macquet, A. and Magaña-Sandoval, F. and Zertuche, L. Magaña and Magee, R. M. and Majorana, E. and Maksimovic, I. and Malik, A. and Man, N. and Mandic, V. and Mangano, V. and Mansell, G. L. and Manske, M. and Mantovani, M. and Marchesoni, F. and Marion, F. and Márka, S. and Márka, Z. and Markakis, C. and Markosyan, A. S. and Markowitz, A. and Maros, E. and Marquina, A. and Marsat, S. and Martelli, F. and Martin, I. W. and Martin, R. M. and Martynov, D. V. and Mason, K. and Massera, E. and Masserot, A. and Massinger, T. J. and Masso-Reid, M. and Mastrogiovanni, S. and Matas, A. and Matichard, F. and Matone, L. and Mavalvala, N. and Mazumder, N. and McCann, J. J. and McCarthy, R. and McClelland, D. E. and McCormick, S. and McCuller, L. and McGuire, S. C. and McIver, J. and McManus, D. J. and McRae, T. and McWilliams, S. T. and Meacher, D. and Meadors, G. D. and Mehmet, M. and Mehta, A. K. and Meidam, J. and Melatos, A. and Mendell, G. and Mercer, R. A. and Mereni, L. and Merilh, E. L. and Merzougui, M. and Meshkov, S. and Messenger, C. and Messick, C. and Metzdorff, R. and Meyers, P. M. and Miao, H. and Michel, C. and Middleton, H. and Mikhailov, E. E. and Milano, L. and Miller, A. L. and Miller, A. and Millhouse, M. and Mills, J. C. and Milovich-Goff, M. C. and Minazzoli, O. and Minenkov, Y. and Mishkin, A. and Mishra, C. and Mistry, T. and Mitra, S. and Mitrofanov, V. P. and Mitselmakher, G. and Mittleman, R. and Mo, G. and Moffa, D. and Mogushi, K. and Mohapatra, S. R. P. and Montani, M. and Moore, C. J. and Moraru, D. and Moreno, G. and Morisaki, S. and Mours, B. and Mow-Lowry, C. M. and Mukherjee, Arunava and Mukherjee, D. and Mukherjee, S. and Mukund, N. and Mullavey, A. and Munch, J. and Muñiz, E. A. and Muratore, M. and Murray, P. G. and Nagar, A. and Nardecchia, I. and Naticchioni, L. and Nayak, R. K. and Neilson, J. and Nelemans, G. and Nelson, T. J. N. and Nery, M. and Neunzert, A. and Ng, K. Y. and Ng, S. and Nguyen, P. and Nichols, D. and Nielsen, A. B. and Nissanke, S. and Nitz, A. and Nocera, F. and North, C. and Nuttall, L. K. and Obergaulinger, M. and Oberling, J. and O'Brien, B. D. and O'Dea, G. D. and Ogin, G. H. and Oh, J. J. and Oh, S. H. and Ohme, F. and Ohta, H. and Okada, M. A. and Oliver, M. and Oppermann, P. and Oram, Richard J. and O'Reilly, B. and Ormiston, R. G. and Ortega, L. F. and O'Shaughnessy, R. and Ossokine, S. and Ottaway, D. J. and Overmier, H. and Owen, B. J. and Pace, A. E. and Pagano, G. and Page, M. A. and Pai, A. and Pai, S. A. and Palamos, J. R. and Palashov, O. and Palomba, C. and Pal-Singh, A. and Pan, Huang-Wei and Pang, B. and Pang, P. T. H. and Pankow, C. and Pannarale, F. and Pant, B. C. and Paoletti, F. and Paoli, A. and Papa, M. A. and Parida, A. and Parker, W. and Pascucci, D. and Pasqualetti, A. and Passaquieti, R. and Passuello, D. and Patil, M. and Patricelli, B. and Pearlstone, B. L. and Pedersen, C. and Pedraza, M. and Pedurand, R. and Pele, A. and Penn, S. and Perego, A. and Perez, C. J. and Perreca, A. and Pfeiffer, H. P. and Phelps, M. and Phukon, K. S. and Piccinni, O. J. and Pichot, M. and Piergiovanni, F. and Pillant, G. and Pinard, L. and Pirello, M. and Pitkin, M. and Poggiani, R. and Pong, D. Y. T. and Ponrathnam, S. and Popolizio, P. and Porter, E. K. and Powell, J. and Prajapati, A. K. and Prasad, J. and Prasai, K. and Prasanna, R. and Pratten, G. and Prestegard, T. and Privitera, S. and Prodi, G. A. and Prokhorov, L. G. and Puncken, O. and Punturo, M. and Puppo, P. and Pürrer, M. and Qi, H. and Quetschke, V. and Quinonez, P. J. and Quintero, E. A. and Quitzow-James, R. and Raab, F. J. and Radkins, H. and Radulescu, N. and Raffai, P. and Raja, S. and Rajan, C. and Rajbhandari, B. and Rakhmanov, M. and Ramirez, K. E. and Ramos-Buades, A. and Rana, Javed and Rao, K. and Rapagnani, P. and Raymond, V. and Razzano, M. and Read, J. and Regimbau, T. and Rei, L. and Reid, S. and Reitze, D. H. and Ren, W. and Ricci, F. and Richardson, C. J. and Richardson, J. W. and Ricker, P. M. and Riemenschneider, G. M. and Riles, K. and Rizzo, M. and Robertson, N. A. and Robie, R. and Robinet, F. and Rocchi, A. and Rolland, L. and Rollins, J. G. and Roma, V. J. and Romanelli, M. and Romano, R. and Romel, C. L. and Romie, J. H. and Rose, K. and Rosińska, D. and Rosofsky, S. G. and Ross, M. P. and Rowan, S. and Rüdiger, A. and Ruggi, P. and Rutins, G. and Ryan, K. and Sachdev, S. and Sadecki, T. and Sakellariadou, M. and Salafia, O. and Salconi, L. and Saleem, M. and Salemi, F. and Samajdar, A. and Sammut, L. and Sanchez, E. J. and Sanchez, L. E. and Sanchis-Gual, N. and Sandberg, V. and Sanders, J. R. and Santiago, K. A. and Sarin, N. and Sassolas, B. and Sathyaprakash, B. S. and Saulson, P. R. and Sauter, O. and Savage, R. L. and Schale, P. and Scheel, M. and Scheuer, J. and Schmidt, P. and Schnabel, R. and Schofield, R. M. S. and Schönbeck, A. and Schreiber, E. and Schulte, B. W. and Schutz, B. F. and Schwalbe, S. G. and Scott, J. and Scott, S. M. and Seidel, E. and Sellers, D. and Sengupta, A. S. and Sennett, N. and Sentenac, D. and Sequino, V. and Sergeev, A. and Setyawati, Y. and Shaddock, D. A. and Shaffer, T. and Shahriar, M. S. and Shaner, M. B. and Shao, L. and Sharma, P. and Shawhan, P. and Shen, H. and Shink, R. and Shoemaker, D. H. and Shoemaker, D. M. and ShyamSundar, S. and Siellez, K. and Sieniawska, M. and Sigg, D. and Silva, A. D. and Singer, L. P. and Singh, N. and Singhal, A. and Sintes, A. M. and Sitmukhambetov, S. and Skliris, V. and Slagmolen, B. J. J. and Slaven-Blair, T. J. and Smith, J. R. and Smith, R. J. E. and Somala, S. and Son, E. J. and Sorazu, B. and Sorrentino, F. and Souradeep, T. and Sowell, E. and Spencer, A. P. and Srivastava, A. K. and Srivastava, V. and Staats, K. and Stachie, C. and Standke, M. and Steer, D. A. and Steinke, M. and Steinlechner, J. and Steinlechner, S. and Steinmeyer, D. and Stevenson, S. P. and Stocks, D. and Stone, R. and Stops, D. J. and Strain, K. A. and Stratta, G. and Strigin, S. E. and Strunk, A. and Sturani, R. and Stuver, A. L. and Sudhir, V. and Summerscales, T. Z. and Sun, L. and Sunil, S. and Suresh, J. and Sutton, P. J. and Swinkels, B. L. and Szczepańczyk, M. J. and Tacca, M. and Tait, S. C. and Talbot, C. and Talukder, D. and Tanner, D. B. and Tápai, M. and Taracchini, A. and Tasson, J. D. and Taylor, R. and Thies, F. and Thomas, M. and Thomas, P. and Thondapu, S. R. and Thorne, K. A. and Thrane, E. and Tiwari, Shubhanshu and Tiwari, Srishti and Tiwari, V. and Toland, K. and Tonelli, M. and Tornasi, Z. and Torres-Forné, A. and Torrie, C. I. and Töyrä, D. and Travasso, F. and Traylor, G. and Tringali, M. C. and Trovato, A. and Trozzo, L. and Trudeau, R. and Tsang, K. W. and Tse, M. and Tso, R. and Tsukada, L. and Tsuna, D. and Tuyenbayev, D. and Ueno, K. and Ugolini, D. and Unnikrishnan, C. S. and Urban, A. L. and Usman, S. A. and Vahlbruch, H. and Vajente, G. and Valdes, G. and van Bakel, N. and van Beuzekom, M. and van den Brand, J. F. J. and Broeck, C. Van Den and Vander-Hyde, D. C. and van Heijningen, J. V. and van der Schaaf, L. and van Veggel, A. A. and Vardaro, M. and Varma, V. and Vass, S. and Vasúth, M. and Vecchio, A. and Vedovato, G. and Veitch, J. and Veitch, P. J. and Venkateswara, K. and Venugopalan, G. and Verkindt, D. and Vetrano, F. and Viceré, A. and Viets, A. D. and Vine, D. J. and Vinet, J.-Y. and Vitale, S. and Vo, T. and Vocca, H. and Vorvick, C. and Vyatchanin, S. P. and Wade, A. R. and Wade, L. E. and Wade, M. and Walet, R. and Walker, M. and Wallace, L. and Walsh, S. and Wang, G. and Wang, H. and Wang, J. Z. and Wang, W. H. and Wang, Y. F. and Ward, R. L. and Warden, Z. A. and Warner, J. and Was, M. and Watchi, J. and Weaver, B. and Wei, L.-W. and Weinert, M. and Weinstein, A. J. and Weiss, R. and Wellmann, F. and Wen, L. and Wessel, E. K. and Weßels, P. and Westhouse, J. W. and Wette, K. and Whelan, J. T. and White, L. V. and Whiting, B. F. and Whittle, C. and Wilken, D. M. and Williams, D. and Williamson, A. R. and Willis, J. L. and Willke, B. and Wimmer, M. H. and Winkler, W. and Wipf, C. C. and Wittel, H. and Woan, G. and Woehler, J. and Wofford, J. K. and Worden, J. and Wright, J. L. and Wu, D. S. and Wysocki, D. M. and Xiao, L. and Yamamoto, H. and Yancey, C. C. and Yang, L. and Yap, M. J. and Yazback, M. and Yeeles, D. W. and Yu, Hang and Yu, Haocun and Yuen, S. H. R. and Yvert, M. and Zadrożny, A. K. and Zanolin, M. and Zappa, F. and Zelenova, T. and Zendri, J.-P. and Zevin, M. and Zhang, J. and Zhang, L. and Zhang, T. and Zhao, C. and Zhou, M. and Zhou, Z. and Zhu, X. J. and Zimmerman, A. B. and Zlochower, Y. and Zucker, M. E. and Zweizig, J.},
  date = {2019-09-04},
  journaltitle = {Physical Review X},
  shortjournal = {Phys. Rev. X},
  volume = {9},
  pages = {031040},
  issn = {2160-3308},
  doi = {10.1103/PhysRevX.9.031040},
  url = {http://arxiv.org/abs/1811.12907},
  urldate = {2020-03-23},
  abstract = {We present the results from three gravitational-wave searches for coalescing compact binaries with component masses above 1\$\textbackslash mathrm\{M\}\_\textbackslash odot\$ during the first and second observing runs of the Advanced gravitational-wave detector network. During the first observing run (O1), from September \$12\^\textbackslash mathrm\{th\}\$, 2015 to January \$19\^\textbackslash mathrm\{th\}\$, 2016, gravitational waves from three binary black hole mergers were detected. The second observing run (O2), which ran from November \$30\^\textbackslash mathrm\{th\}\$, 2016 to August \$25\^\textbackslash mathrm\{th\}\$, 2017, saw the first detection of gravitational waves from a binary neutron star inspiral, in addition to the observation of gravitational waves from a total of seven binary black hole mergers, four of which we report here for the first time: GW170729, GW170809, GW170818 and GW170823. For all significant gravitational-wave events, we provide estimates of the source properties. The detected binary black holes have total masses between \$18.6\_\{-0.7\}\^\{+3.2\}\textbackslash mathrm\{M\}\_\textbackslash odot\$, and \$84.4\_\{-11.1\}\^\{+15.8\} \textbackslash mathrm\{M\}\_\textbackslash odot\$, and range in distance between \$320\_\{-110\}\^\{+120\}\$ Mpc and \$2840\_\{-1360\}\^\{+1400\}\$ Mpc. No neutron star - black hole mergers were detected. In addition to highly significant gravitational-wave events, we also provide a list of marginal event candidates with an estimated false alarm rate less than 1 per 30 days. From these results over the first two observing runs, which include approximately one gravitational-wave detection per 15 days of data searched, we infer merger rates at the 90\% confidence intervals of \$110\textbackslash, -\textbackslash, 3840\$ \$\textbackslash mathrm\{Gpc\}\^\{-3\}\textbackslash,\textbackslash mathrm\{y\}\^\{-1\}\$ for binary neutron stars and \$9.7\textbackslash, -\textbackslash, 101\$ \$\textbackslash mathrm\{Gpc\}\^\{-3\}\textbackslash,\textbackslash mathrm\{y\}\^\{-1\}\$ for binary black holes assuming fixed population distributions, and determine a neutron star - black hole merger rate 90\% upper limit of \$610\$ \$\textbackslash mathrm\{Gpc\}\^\{-3\}\textbackslash,\textbackslash mathrm\{y\}\^\{-1\}\$.},
  archiveprefix = {arXiv},
  eprint = {1811.12907},
  eprinttype = {arxiv},
  file = {/home/jacopo/zotero/storage/M6DTZVZJ/The LIGO Scientific Collaboration et al. - 2019 - GWTC-1 A Gravitational-Wave Transient Catalog of .pdf;/home/jacopo/zotero/storage/X5U9LC6W/1811.html;/home/jacopo/zotero/storage/YA6W69J6/1811.html},
  keywords = {Astrophysics - Cosmology and Nongalactic Astrophysics,Astrophysics - High Energy Astrophysical Phenomena,General Relativity and Quantum Cosmology},
  note = {Comment: Total: 49 pages and 17 figures. Strain data are available from the Gravitational Wave Open Science Center at https://doi.org/10.7935/82H3-HH23. Figures, data behind the figures, including posterior samples, are available from https://dcc.ligo.org/LIGO-P1800307/public
\par
Comment: Total: 49 pages and 17 figures. Strain data are available from the Gravitational Wave Open Science Center at https://doi.org/10.7935/82H3-HH23. Figures, data behind the figures, including posterior samples, are available from https://dcc.ligo.org/LIGO-P1800307/public},
  number = {3},
  options = {useprefix=true}
}

@report{tissinoGeneralRelativityNotes2020,
  title = {General {{Relativity Notes}}},
  author = {Tissino, J. and Mentasti, G.},
  date = {2020},
  url = {https://github.com/jacopok/notes/blob/master/ap_first_semester/general_relativity/main.pdf},
  annotation = {Notes for the course held by Marco Peloso at the university of Padua.},
  file = {/home/jacopo/Documents/notes/ap_first_semester/general_relativity.pdf}
}

@article{westerweckLowSignificanceEvidence2018,
  title = {Low Significance of Evidence for Black Hole Echoes in Gravitational Wave Data},
  author = {Westerweck, Julian and Nielsen, Alex B. and Fischer-Birnholtz, Ofek and Cabero, Miriam and Capano, Collin and Dent, Thomas and Krishnan, Badri and Meadors, Grant and Nitz, Alexander H.},
  date = {2018-06-15},
  journaltitle = {Physical Review D},
  shortjournal = {Phys. Rev. D},
  volume = {97},
  pages = {124037},
  publisher = {{American Physical Society}},
  doi = {10.1103/PhysRevD.97.124037},
  url = {https://link.aps.org/doi/10.1103/PhysRevD.97.124037},
  urldate = {2020-04-21},
  abstract = {Recent detections of merging black holes allow observational tests of the nature of these objects. In some proposed models, nontrivial structure at or near the black hole horizon could lead to echo signals in gravitational wave data. Recently, Abedi-Dykaar-Afshordi (ADA) claimed tentative evidence for repeating damped echo signals following the gravitational-wave signals of the binary black hole merger events recorded in the first observational period of the Advanced LIGO interferometers. We reanalyze the same data, addressing some of the shortcomings of their method using more background data and a modified procedure. We find a reduced statistical significance for the claims of evidence for echoes, calculating increased p-values for the null hypothesis of echo-free noise. The reduced significance is entirely consistent with noise, and so we conclude that the analysis of Abedi et al. does not provide any observational evidence for the existence of Planck-scale structure at black hole horizons.},
  file = {/home/jacopo/zotero/storage/IACHE8RS/Westerweck et al. - 2018 - Low significance of evidence for black hole echoes.pdf;/home/jacopo/zotero/storage/PRW28NHR/PhysRevD.97.html},
  number = {12}
}


