
@book{rybickiRadiativeProcessesAstrophysics1979,
  title = {Radiative {{Processes}} in {{Astrophysics}}},
  author = {Rybicki, G. B. and Lightman, A. P.},
  date = {1979},
  publisher = {{John Wiley and Sons}},
  url = {http://www.bartol.udel.edu/~owocki/phys633/RadProc-RybLightman.pdf},
  isbn = {978-0-471-82759-7},
  file = {/home/jacopo/zotero/storage/FL3U4N52/Rybicki and Lightman - 1979 - Radiative Processes in Astrophysics.pdf}
}


