
@online{chadha-dayAxionDarkMatter2021,
  title = {Axion {{Dark Matter}}: What Is It and {{Why Now}}?},
  shorttitle = {Axion {{Dark Matter}}},
  author = {Chadha-Day, Francesca and Ellis, John and Marsh, David J. E.},
  date = {2021-05-04},
  eprint = {2105.01406},
  eprinttype = {arxiv},
  primaryclass = {astro-ph, physics:hep-ex, physics:hep-ph},
  url = {http://arxiv.org/abs/2105.01406},
  urldate = {2021-11-11},
  abstract = {The axion has emerged in recent years as a leading particle candidate to provide the mysterious dark matter in the cosmos, as we review here for a general scientific audience. We describe first the historical roots of the axion in the Standard Model of particle physics and the problem of charge-parity invariance of the strong nuclear force. We then discuss how the axion emerges as a dark matter candidate, and how it is produced in the early Universe. The symmetry properties of the axion dictate the form of its interactions with ordinary matter. Astrophysical considerations restrict the particle mass and interaction strengths to a limited range, which facilitates the planning of experiments to detect the axion. A companion review discusses the exciting prospect that the axion could indeed be detected in the near term in the laboratory.},
  archiveprefix = {arXiv},
  keywords = {Astrophysics - High Energy Astrophysical Phenomena,High Energy Physics - Experiment,High Energy Physics - Phenomenology},
  file = {/home/jacopo/zotero/storage/DLDGLE6G/Chadha-Day et al_2021_Axion Dark Matter.pdf;/home/jacopo/zotero/storage/WGKBX5QG/2105.html}
}

@article{groupReviewParticlePhysics2020,
  title = {Review of {{Particle Physics}}},
  author = {Group, Particle Data and Zyla, P. A. and Barnett, R. M. and Beringer, J. and Dahl, O. and Dwyer, D. A. and Groom, D. E. and Lin, C.-J. and Lugovsky, K. S. and Pianori, E. and Robinson, D. J. and Wohl, C. G. and Yao, W.-M. and Agashe, K. and Aielli, G. and Allanach, B. C. and Amsler, C. and Antonelli, M. and Aschenauer, E. C. and Asner, D. M. and Baer, H. and Banerjee, Sw and Baudis, L. and Bauer, C. W. and Beatty, J. J. and Belousov, V. I. and Bethke, S. and Bettini, A. and Biebel, O. and Black, K. M. and Blucher, E. and Buchmuller, O. and Burkert, V. and Bychkov, M. A. and Cahn, R. N. and Carena, M. and Ceccucci, A. and Cerri, A. and Chakraborty, D. and Chivukula, R. Sekhar and Cowan, G. and D'Ambrosio, G. and Damour, T. and de Florian, D. and de Gouvêa, A. and DeGrand, T. and de Jong, P. and Dissertori, G. and Dobrescu, B. A. and D'Onofrio, M. and Doser, M. and Drees, M. and Dreiner, H. K. and Eerola, P. and Egede, U. and Eidelman, S. and Ellis, J. and Erler, J. and Ezhela, V. V. and Fetscher, W. and Fields, B. D. and Foster, B. and Freitas, A. and Gallagher, H. and Garren, L. and Gerber, H.-J. and Gerbier, G. and Gershon, T. and Gershtein, Y. and Gherghetta, T. and Godizov, A. A. and Gonzalez-Garcia, M. C. and Goodman, M. and Grab, C. and Gritsan, A. V. and Grojean, C. and Grünewald, M. and Gurtu, A. and Gutsche, T. and Haber, H. E. and Hanhart, C. and Hashimoto, S. and Hayato, Y. and Hebecker, A. and Heinemeyer, S. and Heltsley, B. and Hernández-Rey, J. J. and Hikasa, K. and Hisano, J. and Höcker, A. and Holder, J. and Holtkamp, A. and Huston, J. and Hyodo, T. and Johnson, K. F. and Kado, M. and Karliner, M. and Katz, U. F. and Kenzie, M. and Khoze, V. A. and Klein, S. R. and Klempt, E. and Kowalewski, R. V. and Krauss, F. and Kreps, M. and Krusche, B. and Kwon, Y. and Lahav, O. and Laiho, J. and Lellouch, L. P. and Lesgourgues, J. and Liddle, A. R. and Ligeti, Z. and Lippmann, C. and Liss, T. M. and Littenberg, L. and Lourengo, C. and Lugovsky, S. B. and Lusiani, A. and Makida, Y. and Maltoni, F. and Mannel, T. and Manohar, A. V. and Marciano, W. J. and Masoni, A. and Matthews, J. and Meißner, U.-G. and Mikhasenko, M. and Miller, D. J. and Milstead, D. and Mitchell, R. E. and Mönig, K. and Molaro, P. and Moortgat, F. and Moskovic, M. and Nakamura, K. and Narain, M. and Nason, P. and Navas, S. and Neubert, M. and Nevski, P. and Nir, Y. and Olive, K. A. and Patrignani, C. and Peacock, J. A. and Petcov, S. T. and Petrov, V. A. and Pich, A. and Piepke, A. and Pomarol, A. and Profumo, S. and Quadt, A. and Rabbertz, K. and Rademacker, J. and Raffelt, G. and Ramani, H. and Ramsey-Musolf, M. and Ratcliff, B. N. and Richardson, P. and Ringwald, A. and Roesler, S. and Rolli, S. and Romaniouk, A. and Rosenberg, L. J. and Rosner, J. L. and Rybka, G. and Ryskin, M. and Ryutin, R. A. and Sakai, Y. and Salam, G. P. and Sarkar, S. and Sauli, F. and Schneider, O. and Scholberg, K. and Schwartz, A. J. and Schwiening, J. and Scott, D. and Sharma, V. and Sharpe, S. R. and Shutt, T. and Silari, M. and Sjöstrand, T. and Skands, P. and Skwarnicki, T. and Smoot, G. F. and Soffer, A. and Sozzi, M. S. and Spanier, S. and Spiering, C. and Stahl, A. and Stone, S. L. and Sumino, Y. and Sumiyoshi, T. and Syphers, M. J. and Takahashi, F. and Tanabashi, M. and Tanaka, J. and Taševský, M. and Terashi, K. and Terning, J. and Thoma, U. and Thorne, R. S. and Tiator, L. and Titov, M. and Tkachenko, N. P. and Tovey, D. R. and Trabelsi, K. and Urquijo, P. and Valencia, G. and Van de Water, R. and Varelas, N. and Venanzoni, G. and Verde, L. and Vincter, M. G. and Vogel, P. and Vogelsang, W. and Vogt, A. and Vorobyev, V. and Wakely, S. P. and Walkowiak, W. and Walter, C. W. and Wands, D. and Wascko, M. O. and Weinberg, D. H. and Weinberg, E. J. and White, M. and Wiencke, L. R. and Willocq, S. and Woody, C. L. and Workman, R. L. and Yokoyama, M. and Yoshida, R. and Zanderighi, G. and Zeller, G. P. and Zenin, O. V. and Zhu, R.-Y. and Zhu, S.-L. and Zimmermann, F. and Anderson, J. and Basaglia, T. and Lugovsky, V. S. and Schaffner, P. and Zheng, W.},
  options = {useprefix=true},
  date = {2020-08-14},
  journaltitle = {Progress of Theoretical and Experimental Physics},
  shortjournal = {Prog Theor Exp Phys},
  volume = {2020},
  number = {8},
  publisher = {{Oxford Academic}},
  doi = {10.1093/ptep/ptaa104},
  url = {https://academic.oup.com/ptep/article/2020/8/083C01/5891211},
  urldate = {2021-11-08},
  abstract = {Abstract. The Review summarizes much of particle physics and cosmology. Using data from previous editions, plus 3,324 new measurements from 878 papers, we list,},
  langid = {english},
  file = {/home/jacopo/zotero/storage/25HZII4Y/Group et al_2020_Review of Particle Physics.pdf;/home/jacopo/zotero/storage/V6QNAX58/5891211.html}
}

@book{kolbEarlyUniverse1994,
  title = {Early {{Universe}}},
  author = {Kolb, E. and Turner, M.},
  date = {1994},
  publisher = {{Westview Press}},
  location = {{New York}},
  file = {/home/jacopo/zotero/storage/LBTKQYMI/Kolb and Turner - 1994 - Early Universe.pdf}
}

@article{oconnellExtrapolationFormulasNeutron2006,
  title = {Extrapolation {{Formulas}} for {{Neutron EDM Calculations}} in {{Lattice QCD}}},
  author = {O'Connell, Donal and Savage, Martin J.},
  date = {2006-02},
  journaltitle = {Physics Letters B},
  shortjournal = {Physics Letters B},
  volume = {633},
  number = {2-3},
  eprint = {hep-lat/0508009},
  eprinttype = {arxiv},
  pages = {319--324},
  issn = {03702693},
  doi = {10.1016/j.physletb.2005.11.053},
  url = {http://arxiv.org/abs/hep-lat/0508009},
  urldate = {2021-11-16},
  abstract = {Lattice QCD is rapidly progressing toward being able to reliably compute the electric dipole moment of the neutron as a function of the strong CP-violating parameter theta. Present day calculations are performed at unphysical values of the light quark masses, in volumes that are not exceptionally large and at lattice spacings that are not exceptionally small. We use chiral perturbation theory to determine the leading contributions to the neutron electric dipole moment at finite volume, and in partially-quenched calculations.},
  archiveprefix = {arXiv},
  keywords = {High Energy Physics - Lattice,High Energy Physics - Phenomenology,Nuclear Theory},
  file = {/home/jacopo/zotero/storage/3VLSCJS2/O'Connell_Savage_2006_Extrapolation Formulas for Neutron EDM Calculations in Lattice QCD.pdf;/home/jacopo/zotero/storage/KXE2W8DV/0508009.html}
}


